product_id,product_name,standard_price,price_per_unit,clubcard_price,clubcard_price_per_unit,has_clubcard_offer,offer_dates,other_promotion,rating,review_count,is_sponsored,product_url,image_url,parent_category,subcategory
297754839,Gogo Squeez Fruit Snack Apple Strawberry 4X90g,£2.55,£0.71/100g,£1.75 Clubcard Price,(£0.49/100g),True,Offer valid for delivery from 16/04/2025 until 13/05/2025,False,4.5,60,True,https://www.tesco.com/groceries/en-GB/products/297754839,https://digitalcontent.api.tesco.com/v2/media/ghs/6724b5d4-d70c-4d18-b90b-139372da06bb/429c2222-330b-47bc-974b-9da1ab9a15d6_1835829174.jpeg?h=225&w=225,Food Cupboard,"Dried Fruit, Nuts, Nutrient Powders & Seeds"
297754534,Gogo Squeez Fruit Snack Apple Mango 4X90g,£2.55,£0.71/100g,£1.75 Clubcard Price,(£0.49/100g),True,Offer valid for delivery from 16/04/2025 until 13/05/2025,False,4.7,44,True,https://www.tesco.com/groceries/en-GB/products/297754534,https://digitalcontent.api.tesco.com/v2/media/ghs/f1b5da58-6538-4141-a0ed-7a496a0e59bd/a4feafbe-efcb-429a-8bfc-0392aad33f51_798399251.jpeg?h=225&w=225,Food Cupboard,"Dried Fruit, Nuts, Nutrient Powders & Seeds"
308485599,Fulfil Vitamin & Protein Bars - Mixed Pack 10 x 55g,£24.00,£4.36/100g,,,False,,False,,1,True,https://www.tesco.com/groceries/en-GB/products/308485599,https://digitalcontent.api.tesco.com/v2/media/ghs/49adee06-5a19-4bb9-b871-ed25da993a0c/20b923fb-5ed6-4c3c-8a5e-82739162d74b_1694889185.jpeg?h=225&w=225,Food Cupboard,"Dried Fruit, Nuts, Nutrient Powders & Seeds"
271074203,Tesco Cranberries 200G,£3.10,£15.50/kg,,,False,,False,4.7,65,False,https://www.tesco.com/groceries/en-GB/products/271074203,https://digitalcontent.api.tesco.com/v2/media/ghs/7b28eea2-9e27-466f-ae53-0558cc860c58/dd876970-e1a1-402f-bd66-8be397713d6c_1187557281.jpeg?h=225&w=225,Food Cupboard,"Dried Fruit, Nuts, Nutrient Powders & Seeds"
255300888,Tesco Ready To Eat Prunes 500G,£3.85,£7.70/kg,,,False,,False,4.2,66,False,https://www.tesco.com/groceries/en-GB/products/255300888,https://digitalcontent.api.tesco.com/v2/media/ghs/3443e010-0576-4ed4-bbad-07f636f9d06c/9b592865-1021-48ac-91f7-45af6f1f6390_644045335.jpeg?h=225&w=225,Food Cupboard,"Dried Fruit, Nuts, Nutrient Powders & Seeds"
257379526,Tesco Roasted Pistachios - Salted 300g,£4.15,£13.83/kg,,,False,,False,3.6,36,False,https://www.tesco.com/groceries/en-GB/products/257379526,https://digitalcontent.api.tesco.com/v2/media/ghs/e6a14dcf-2236-46b0-9337-d08bb4abe329/ede56007-28ce-44ed-9591-2a246a460b7e_1116058234.jpeg?h=225&w=225,Food Cupboard,"Dried Fruit, Nuts, Nutrient Powders & Seeds"
304409853,Tesco Honey Roast Peanuts & Cashews 200G,£2.90,£14.50/kg,,,False,,False,4.4,64,False,https://www.tesco.com/groceries/en-GB/products/304409853,https://digitalcontent.api.tesco.com/v2/media/ghs/b521687e-f595-45c8-987f-5087ff4d3591/c5feabd8-84f9-4d18-96c8-c379cf650511_414329605.jpeg?h=225&w=225,Food Cupboard,"Dried Fruit, Nuts, Nutrient Powders & Seeds"
266357101,Tesco Almonds 200G,£2.45,£12.25/kg,,,False,,False,3.7,50,False,https://www.tesco.com/groceries/en-GB/products/266357101,https://digitalcontent.api.tesco.com/v2/media/ghs/da08e459-222d-4e9c-877b-41cf33761580/edc3318f-feae-4343-9f88-e9e9c860a832.jpeg?h=225&w=225,Food Cupboard,"Dried Fruit, Nuts, Nutrient Powders & Seeds"
296546961,Tesco Walnuts 200G,£2.45,£12.25/kg,,,False,,False,4.6,77,False,https://www.tesco.com/groceries/en-GB/products/296546961,https://digitalcontent.api.tesco.com/v2/media/ghs/566b6bdb-e290-4300-b42d-b31402f54222/40bc1de6-ffc7-4518-a629-742d846101f8.jpeg?h=225&w=225,Food Cupboard,"Dried Fruit, Nuts, Nutrient Powders & Seeds"
299577245,Kp Original Salted Peanuts 250G,£3.25,£13.00/kg,,,False,,False,4.7,57,False,https://www.tesco.com/groceries/en-GB/products/299577245,https://digitalcontent.api.tesco.com/v2/media/ghs/0b4b31d9-472e-47cd-80f5-4412e0e83a97/8d3fb1bf-3ffd-4327-99ef-34c3820c3e17_1025476309.jpeg?h=225&w=225,Food Cupboard,"Dried Fruit, Nuts, Nutrient Powders & Seeds"
297385262,Tesco Jumbo Roasted Cashews - Salted 150g,£3.25,£21.67/kg,,,False,,False,4.8,41,False,https://www.tesco.com/groceries/en-GB/products/297385262,https://digitalcontent.api.tesco.com/v2/media/ghs/882a8c24-6aeb-43e9-81e6-01129fdd6d98/04566f0e-3637-499a-9337-8ee708b27b9a_1364539755.jpeg?h=225&w=225,Food Cupboard,"Dried Fruit, Nuts, Nutrient Powders & Seeds"
299581619,Kp Dry Roasted Peanuts 250G,£3.25,£13.00/kg,,,False,,False,4.6,54,False,https://www.tesco.com/groceries/en-GB/products/299581619,https://digitalcontent.api.tesco.com/v2/media/ghs/b870a56c-0943-483c-9f56-df12ab76f73b/ec6a0115-0672-4086-9f5b-6db28f277815_1716359071.jpeg?h=225&w=225,Food Cupboard,"Dried Fruit, Nuts, Nutrient Powders & Seeds"
251495069,Tesco Roasted & Salted Pistachios 150G,£2.40,£16.00/kg,,,False,,False,3.6,24,False,https://www.tesco.com/groceries/en-GB/products/251495069,https://digitalcontent.api.tesco.com/v2/media/ghs/40cae254-3d26-4000-a848-0133f0943a2d/52e8abaa-2c05-4e73-bd19-b83ea4465f72_1320639947.jpeg?h=225&w=225,Food Cupboard,"Dried Fruit, Nuts, Nutrient Powders & Seeds"
297385240,Tesco Salted Roasted Cashews 150g,£2.65,£17.67/kg,,,False,,False,4.8,51,False,https://www.tesco.com/groceries/en-GB/products/297385240,https://digitalcontent.api.tesco.com/v2/media/ghs/b6a38e53-3fc4-4222-808c-4c4839852064/7199fc8c-31b8-4ed4-8617-b18a7248bf52_1541340656.jpeg?h=225&w=225,Food Cupboard,"Dried Fruit, Nuts, Nutrient Powders & Seeds"
300201309,Kp Original Salted Peanuts 415G,£4.25,£10.24/kg,£3.75 Clubcard Price,(£9.04/kg),True,Offer valid for delivery from 26/03/2025 until 22/04/2025,False,4.7,64,False,https://www.tesco.com/groceries/en-GB/products/300201309,https://digitalcontent.api.tesco.com/v2/media/ghs/30aae6d1-d6c3-47b0-9a7f-3afb613760bb/ad9e65d2-2bc4-4776-9054-1b88b0690999_255940380.jpeg?h=225&w=225,Food Cupboard,"Dried Fruit, Nuts, Nutrient Powders & Seeds"
300201298,Kp Dry Roasted Peanuts 415G,£4.25,£10.24/kg,£3.75 Clubcard Price,(£9.04/kg),True,Offer valid for delivery from 26/03/2025 until 22/04/2025,False,4.7,56,False,https://www.tesco.com/groceries/en-GB/products/300201298,https://digitalcontent.api.tesco.com/v2/media/ghs/1e42a4e8-2158-4c3b-98bd-77f8fdf98588/72b00dbd-62bc-4723-9c16-e84e9e3bb7ee_1380716953.jpeg?h=225&w=225,Food Cupboard,"Dried Fruit, Nuts, Nutrient Powders & Seeds"
271189177,Bear Strawberry Yoyo Multipack 5X20g,£3.00,£3.00/100g,£2.00 Save 1/3 Clubcard Price,(£2.00/100g),True,Offer valid for delivery from 16/04/2025 until 13/05/2025,False,4.7,2133,False,https://www.tesco.com/groceries/en-GB/products/271189177,https://digitalcontent.api.tesco.com/v2/media/ghs/8896fb53-2c92-4e66-b288-39d58d6bc6cf/8f5bab74-e4a8-49f1-a7a7-8f6b68af8dee_2132483942.jpeg?h=225&w=225,Food Cupboard,"Dried Fruit, Nuts, Nutrient Powders & Seeds"
274171043,Tesco Soft Pitted Dates 250G,£2.25,£9.00/kg,,,False,,False,3.9,46,False,https://www.tesco.com/groceries/en-GB/products/274171043,https://digitalcontent.api.tesco.com/v2/media/ghs/2c282772-d2ab-4432-bf2b-189fef830aed/46f7ab14-6b9a-4179-b8dc-5748b778c530.jpeg?h=225&w=225,Food Cupboard,"Dried Fruit, Nuts, Nutrient Powders & Seeds"
250218366,Tesco Unsalted Mixed Nuts & Raisins 500G,£3.00,£6.00/kg,,,False,,False,3.1,74,False,https://www.tesco.com/groceries/en-GB/products/250218366,https://digitalcontent.api.tesco.com/v2/media/ghs/b3b58f8e-8a0b-4ab9-af76-e7300df85059/e4197f2d-a45f-49d7-a60d-1f9826802d4e_1596036686.jpeg?h=225&w=225,Food Cupboard,"Dried Fruit, Nuts, Nutrient Powders & Seeds"
302676947,Tesco Finest Medjool Dates 200G,£2.50,£12.50/kg,,,False,,False,3.4,61,False,https://www.tesco.com/groceries/en-GB/products/302676947,https://digitalcontent.api.tesco.com/v2/media/ghs/1fc78312-8996-4bb6-9817-13ba7ea72118/e951b22b-0c5b-4568-aa17-11abd28ea324_1610491838.jpeg?h=225&w=225,Food Cupboard,"Dried Fruit, Nuts, Nutrient Powders & Seeds"
297508873,Tesco Honey Roasted Cashews 150G,£2.65,£17.67/kg,,,False,,False,4.7,60,False,https://www.tesco.com/groceries/en-GB/products/297508873,https://digitalcontent.api.tesco.com/v2/media/ghs/dfdf82d8-6cac-49b1-9123-b36cc69d5966/b007b806-1400-491f-bcf6-c8e7451544cd_1060706517.jpeg?h=225&w=225,Food Cupboard,"Dried Fruit, Nuts, Nutrient Powders & Seeds"
306802205,Mr Porky Original Scratchings 65G,£1.25,£1.92/100g,,,False,,False,4.3,43,False,https://www.tesco.com/groceries/en-GB/products/306802205,https://digitalcontent.api.tesco.com/v2/media/ghs/992c5204-56f4-4fd1-9a5c-eb4db14c8980/205d281f-249e-4303-8c26-db74f5dc4eda_160977615.jpeg?h=225&w=225,Food Cupboard,"Dried Fruit, Nuts, Nutrient Powders & Seeds"
268419141,Tesco Unsalted Mixed Nuts Snacks 200 G,£2.60,£13.00/kg,,,False,,False,3.9,45,False,https://www.tesco.com/groceries/en-GB/products/268419141,https://digitalcontent.api.tesco.com/v2/media/ghs/ba81b6ff-ae48-4a7a-8d5e-66d6d9eb861c/98dc9599-d8c5-4ca4-8720-a30323c29ee4_1827726188.jpeg?h=225&w=225,Food Cupboard,"Dried Fruit, Nuts, Nutrient Powders & Seeds"
282799976,Walkers Sensations Coated Peanuts Thai Sweet Chilli 150g,£2.50,£16.67/kg,,,False,,False,3.1,8,False,https://www.tesco.com/groceries/en-GB/products/282799976,https://digitalcontent.api.tesco.com/v2/media/ghs/45a2388f-d4df-445c-b6ef-1d56e4d9958f/b34c1c2e-2b5d-45aa-89ff-d5cfa6203005_287128499.jpeg?h=225&w=225,Food Cupboard,"Dried Fruit, Nuts, Nutrient Powders & Seeds"
272969733,Walkers Sensations Roasted Peanuts Honey & Salt Sharing Bag 145g,£2.50,£17.24/kg,,,False,,False,3.8,10,False,https://www.tesco.com/groceries/en-GB/products/272969733,https://digitalcontent.api.tesco.com/v2/media/ghs/03f88fbc-b992-400e-90a6-60bd01ee52a0/6494fe15-4d1f-4486-88c1-0cb14d96bed2_272984543.jpeg?h=225&w=225,Food Cupboard,"Dried Fruit, Nuts, Nutrient Powders & Seeds"
266376222,Tesco Cashew Nuts 200G,£2.65,£13.25/kg,£2.10 Clubcard Price,(£10.50/kg),True,Offer valid for delivery from 05/03/2025 until 06/05/2025,False,4.2,62,False,https://www.tesco.com/groceries/en-GB/products/266376222,https://digitalcontent.api.tesco.com/v2/media/ghs/7036596a-a7cb-45dd-a866-8b7c80df28fb/2eef7edc-98c0-4830-a613-2a69c6c934bb.jpeg?h=225&w=225,Food Cupboard,"Dried Fruit, Nuts, Nutrient Powders & Seeds"
297393586,Paw Patrol Raisins Snack Boxes 126g (9 x 14g),£1.50,£1.19/100g,,,False,,False,3.7,6,False,https://www.tesco.com/groceries/en-GB/products/297393586,https://digitalcontent.api.tesco.com/v2/media/ghs/092362e0-0793-4bd7-900e-2fbb9b44df27/c953545d-2a98-497d-b0a7-210baf6f6fd0_2132590493.jpeg?h=225&w=225,Food Cupboard,"Dried Fruit, Nuts, Nutrient Powders & Seeds"
266375033,Tesco Mixed Nuts 200G,£2.65,£13.25/kg,£2.10 Clubcard Price,(£10.50/kg),True,Offer valid for delivery from 05/03/2025 until 06/05/2025,False,4.1,58,False,https://www.tesco.com/groceries/en-GB/products/266375033,https://digitalcontent.api.tesco.com/v2/media/ghs/1fbd5a16-ffc4-4a52-8c9d-4da48fe4d561/cf957c96-aea5-41d1-adcf-0c8a747cfc6f.jpeg?h=225&w=225,Food Cupboard,"Dried Fruit, Nuts, Nutrient Powders & Seeds"
268420455,Tesco Roasted Mixed Nuts Salted 200g,£2.60,£13.00/kg,,,False,,False,3.7,44,False,https://www.tesco.com/groceries/en-GB/products/268420455,https://digitalcontent.api.tesco.com/v2/media/ghs/fc6abb7e-148d-4b55-b349-032996b2b5c7/60d35755-7bda-4bc2-b5f9-12b43d89bc6b_1604701719.jpeg?h=225&w=225,Food Cupboard,"Dried Fruit, Nuts, Nutrient Powders & Seeds"
254915364,Tesco Seedless Raisins 500G,£1.85,£3.70/kg,,,False,,False,4.2,45,False,https://www.tesco.com/groceries/en-GB/products/254915364,https://digitalcontent.api.tesco.com/v2/media/ghs/fff208fb-0b6b-4118-96b4-ecf306fa55ad/5ca47377-ad5c-4d91-8863-ba5baeaa8832_1115878226.jpeg?h=225&w=225,Food Cupboard,"Dried Fruit, Nuts, Nutrient Powders & Seeds"
265879153,Tesco Crispy Coated Peanuts - Sweet Chilli 200g,£2.00,£10.00/kg,,,False,,False,3.8,49,False,https://www.tesco.com/groceries/en-GB/products/265879153,https://digitalcontent.api.tesco.com/v2/media/ghs/68d7c11c-ce05-458f-85f5-b298a4a07a2d/beb4b988-49b5-4c85-bd7f-1fbc15d693dc_1805626882.jpeg?h=225&w=225,Food Cupboard,"Dried Fruit, Nuts, Nutrient Powders & Seeds"
297512084,Tesco Salted Roasted Peanuts 550g,£2.30,£4.18/kg,,,False,,False,2.4,66,False,https://www.tesco.com/groceries/en-GB/products/297512084,https://digitalcontent.api.tesco.com/v2/media/ghs/0cbf77a0-2450-43ee-afbb-fffe6860047a/547e2623-5781-4de4-bfe9-09a8776bcabd_950726249.jpeg?h=225&w=225,Food Cupboard,"Dried Fruit, Nuts, Nutrient Powders & Seeds"
297511989,Tesco Salted Roasted Peanuts 200g,£1.35,£6.75/kg,,,False,,False,,41,False,https://www.tesco.com/groceries/en-GB/products/297511989,https://digitalcontent.api.tesco.com/v2/media/ghs/6526546a-3516-41b0-b845-9e50651f0648/c53fec2c-7a95-4b8b-9b25-f6674d1e5abc_847678732.jpeg?h=225&w=225,Food Cupboard,"Dried Fruit, Nuts, Nutrient Powders & Seeds"
297508936,Tesco Dry Roasted Peanuts 200G,£1.35,£6.75/kg,,,False,,False,2.9,49,False,https://www.tesco.com/groceries/en-GB/products/297508936,https://digitalcontent.api.tesco.com/v2/media/ghs/b57d1126-e71f-4aad-8902-6931265ae2bc/b96aeeee-5097-4e40-bd25-9428991ea375_1355288377.jpeg?h=225&w=225,Food Cupboard,"Dried Fruit, Nuts, Nutrient Powders & Seeds"
290594510,Tesco Chia Seeds 150G,£1.80,£12.00/kg,,,False,,False,4.7,42,False,https://www.tesco.com/groceries/en-GB/products/290594510,https://digitalcontent.api.tesco.com/v2/media/ghs/87c67bcd-5ecf-47ee-9c26-ee593b3334d2/438bbf71-6243-481e-b2dd-b55e1a056b94.jpeg?h=225&w=225,Food Cupboard,"Dried Fruit, Nuts, Nutrient Powders & Seeds"
258057537,Tesco Soft Apricots 250G,£2.25,£9.00/kg,,,False,,False,4.5,119,False,https://www.tesco.com/groceries/en-GB/products/258057537,https://digitalcontent.api.tesco.com/v2/media/ghs/a1b99f55-53a1-4daf-b024-bd9abdc79fe9/6c95790b-38e6-41cf-827d-ca201ad014c8.jpeg?h=225&w=225,Food Cupboard,"Dried Fruit, Nuts, Nutrient Powders & Seeds"
302685533,Tesco Brazil Nuts 200G,£2.45,£12.25/kg,,,False,,False,4.2,53,False,https://www.tesco.com/groceries/en-GB/products/302685533,https://digitalcontent.api.tesco.com/v2/media/ghs/ef7f8c0e-61df-4517-bb82-815c63c4176d/9c02fcc5-1bc3-40db-9cca-2750345857f0.jpeg?h=225&w=225,Food Cupboard,"Dried Fruit, Nuts, Nutrient Powders & Seeds"
297512061,Tesco Dry Roasted Peanuts 550G,£2.30,£4.18/kg,,,False,,False,3.7,70,False,https://www.tesco.com/groceries/en-GB/products/297512061,https://digitalcontent.api.tesco.com/v2/media/ghs/6e904918-f914-460b-8506-7467500d15d0/05834819-ae6e-4c5c-b9ea-69effe0caee9_1768531907.jpeg?h=225&w=225,Food Cupboard,"Dried Fruit, Nuts, Nutrient Powders & Seeds"
293702580,Tesco Glace Cherry Halves 200G,£1.80,£9.00/kg,,,False,,False,4.9,123,False,https://www.tesco.com/groceries/en-GB/products/293702580,https://digitalcontent.api.tesco.com/v2/media/ghs/cc8feb8f-62c3-4b99-b2ea-7c77f6967cfa/04411f72-d7cc-4385-bf37-5d1ee94bef76_529978891.jpeg?h=225&w=225,Food Cupboard,"Dried Fruit, Nuts, Nutrient Powders & Seeds"
266387140,Tesco Pumpkin Seeds 150G,£1.80,£12.00/kg,,,False,,False,4.8,126,False,https://www.tesco.com/groceries/en-GB/products/266387140,https://digitalcontent.api.tesco.com/v2/media/ghs/19df960e-ae1d-48f3-b500-54d84e6ecab9/d019f998-cd53-4dcb-b0c3-b335d73d3dfe.jpeg?h=225&w=225,Food Cupboard,"Dried Fruit, Nuts, Nutrient Powders & Seeds"
259169069,Tesco Sultanas 500G,£1.85,£3.70/kg,,,False,,False,4.4,60,False,https://www.tesco.com/groceries/en-GB/products/259169069,https://digitalcontent.api.tesco.com/v2/media/ghs/98c930a9-4e04-4b0c-a008-95b18e6bee04/9829634c-c518-4c78-99cf-cd303ad35d2f_2081997426.jpeg?h=225&w=225,Food Cupboard,"Dried Fruit, Nuts, Nutrient Powders & Seeds"
254915329,Tesco Dried Mixed Fruit 500G,£1.85,£3.70/kg,,,False,,False,4.7,93,False,https://www.tesco.com/groceries/en-GB/products/254915329,https://digitalcontent.api.tesco.com/v2/media/ghs/190252b3-03dc-492a-a341-1dbf49da2b44/a2dfa754-d3b2-4d3b-9cd9-857587f700a4_2109893930.jpeg?h=225&w=225,Food Cupboard,"Dried Fruit, Nuts, Nutrient Powders & Seeds"
301970829,Stockwell & Co Roasted & Salted Cashews 125G,£0.99,£7.92/kg,,,False,,False,4.2,95,False,https://www.tesco.com/groceries/en-GB/products/301970829,https://digitalcontent.api.tesco.com/v2/media/ghs/ea96f14d-a85e-41e7-b987-785ceabd48af/7d3d62cd-8b28-46a8-bc18-945fd32ac213_1133365901.jpeg?h=225&w=225,Food Cupboard,"Dried Fruit, Nuts, Nutrient Powders & Seeds"
300410429,Stockwell & Co Fruit And Nut Mix 200G,£0.59,£2.95/kg,,,False,,False,3.7,53,False,https://www.tesco.com/groceries/en-GB/products/300410429,https://digitalcontent.api.tesco.com/v2/media/ghs/acb91195-8bd6-470f-890a-d193d707b9b8/4185ee26-56c9-406a-85db-fdeee998ae0c_936241227.jpeg?h=225&w=225,Food Cupboard,"Dried Fruit, Nuts, Nutrient Powders & Seeds"
300283810,Stockwell & Co Roasted & Salted Peanuts 200G,£0.59,£2.95/kg,,,False,,False,3.2,90,False,https://www.tesco.com/groceries/en-GB/products/300283810,https://digitalcontent.api.tesco.com/v2/media/ghs/25172fda-8942-4ea4-8f40-aba3de7e98e2/01b128fa-4d53-4dd9-b0c4-33bed9a969e1_792037558.jpeg?h=225&w=225,Food Cupboard,"Dried Fruit, Nuts, Nutrient Powders & Seeds"
299772320,Grower's Harvest Sultanas 500G,£1.05,£2.10/kg,,,False,,False,4.1,78,False,https://www.tesco.com/groceries/en-GB/products/299772320,https://digitalcontent.api.tesco.com/v2/media/ghs/b93dc21a-bbde-4827-92ab-2380c297ba4b/d95365e2-eefa-4559-b75e-62a6b5c36831_350241492.jpeg?h=225&w=225,Food Cupboard,"Dried Fruit, Nuts, Nutrient Powders & Seeds"
271666804,Tesco Whole Foods Pistachio Nuts 250G,£6.80,£27.20/kg,,,False,,False,3.3,19,False,https://www.tesco.com/groceries/en-GB/products/271666804,https://digitalcontent.api.tesco.com/v2/media/ghs/fd857a68-d36c-498c-b8bb-3217c786c430/8bb81afc-4fee-47c6-8d2f-eb637e2072a7_2089707555.jpeg?h=225&w=225,Food Cupboard,"Dried Fruit, Nuts, Nutrient Powders & Seeds"
271667055,Tesco Mixed Nuts 250G,£3.65,£14.60/kg,,,False,,False,3.7,22,False,https://www.tesco.com/groceries/en-GB/products/271667055,https://digitalcontent.api.tesco.com/v2/media/ghs/516cf51a-4b3b-4f51-b48a-92338af356f1/798db0a1-e26c-48f6-91a9-cf652acb9510_1444988924.jpeg?h=225&w=225,Food Cupboard,"Dried Fruit, Nuts, Nutrient Powders & Seeds"
254142569,Tesco Wholefoods Pine Nuts 100G,£3.90,£39.00/kg,,,False,,False,4.8,57,False,https://www.tesco.com/groceries/en-GB/products/254142569,https://digitalcontent.api.tesco.com/v2/media/ghs/76cb72bf-af8d-46e5-b5a1-158a1a62cd33/e52ea75b-fb69-492c-843d-db80a25d0066.jpeg?h=225&w=225,Food Cupboard,"Dried Fruit, Nuts, Nutrient Powders & Seeds"
271072620,Tesco Wholefoods 4 Seed Mix 300G,£2.75,£9.17/kg,,,False,,False,4.5,35,False,https://www.tesco.com/groceries/en-GB/products/271072620,https://digitalcontent.api.tesco.com/v2/media/ghs/fb50c003-96ca-4cf1-b0b3-b8df9f7987e6/173c0dc9-7820-4973-9ee5-a0458104578a_2095032181.jpeg?h=225&w=225,Food Cupboard,"Dried Fruit, Nuts, Nutrient Powders & Seeds"
271072948,Tesco Mango 200G,£4.00,£20.00/kg,,,False,,False,3.4,21,False,https://www.tesco.com/groceries/en-GB/products/271072948,https://digitalcontent.api.tesco.com/v2/media/ghs/1b710970-a495-4edf-9fa1-30f81bac487b/d55361aa-b90e-4182-ae0b-275c1d738126_537696582.jpeg?h=225&w=225,Food Cupboard,"Dried Fruit, Nuts, Nutrient Powders & Seeds"
271090172,Tesco Pecan Halves 200G,£3.50,£17.50/kg,,,False,,False,4.5,48,False,https://www.tesco.com/groceries/en-GB/products/271090172,https://digitalcontent.api.tesco.com/v2/media/ghs/94906d93-8a36-4da6-a037-3751e96a2645/94d6d087-0597-4bb9-8a8d-f68cf275564f_1912876219.jpeg?h=225&w=225,Food Cupboard,"Dried Fruit, Nuts, Nutrient Powders & Seeds"
286782799,Bear Strawberry YoYos 9 x 20g,£4.65,£2.58/100g,,,False,,False,4.7,2133,False,https://www.tesco.com/groceries/en-GB/products/286782799,https://digitalcontent.api.tesco.com/v2/media/ghs/a5400085-13cb-4a35-b925-964e218760a6/0bc297ea-2a2e-4d39-b723-2a60da79fbec_816376822.jpeg?h=225&w=225,Food Cupboard,"Dried Fruit, Nuts, Nutrient Powders & Seeds"
306811004,Mr. Porky Crispy Strips 35g,£1.45,£4.14/100g,,,False,,False,4.6,136,False,https://www.tesco.com/groceries/en-GB/products/306811004,https://digitalcontent.api.tesco.com/v2/media/ghs/7a616984-3d0e-43c6-af91-c164cdf1bd04/f8bef1c4-4a1c-491a-a423-e742342d2531_2049763217.jpeg?h=225&w=225,Food Cupboard,"Dried Fruit, Nuts, Nutrient Powders & Seeds"
297385285,Tesco Sea Salt & Black Pepper Cashew Nuts 150G,£2.65,£17.67/kg,,,False,,False,4.6,47,False,https://www.tesco.com/groceries/en-GB/products/297385285,https://digitalcontent.api.tesco.com/v2/media/ghs/ec9c53eb-d5b9-4d7b-b99a-2058ee44338d/a72c2860-a52d-43cb-9a00-40e94c1f4c63_1806264258.jpeg?h=225&w=225,Food Cupboard,"Dried Fruit, Nuts, Nutrient Powders & Seeds"
301971017,Fruit Bowl Strawberry Peelers 5X16g,£2.75,£3.44/100g,£2.25 Clubcard Price,(£2.81/100g),True,Offer valid for delivery from 16/04/2025 until 13/05/2025,False,4.7,3,False,https://www.tesco.com/groceries/en-GB/products/301971017,https://digitalcontent.api.tesco.com/v2/media/ghs/122292ca-7e6c-4f66-b75c-90dcf448876d/5525abc8-7cb5-4836-981f-ad6e179c5eae_2057938608.jpeg?h=225&w=225,Food Cupboard,"Dried Fruit, Nuts, Nutrient Powders & Seeds"
253024187,Tesco Ready To Eat Apricots 500G,£4.00,£8.00/kg,,,False,,False,4.2,48,False,https://www.tesco.com/groceries/en-GB/products/253024187,https://digitalcontent.api.tesco.com/v2/media/ghs/a63e9d21-c031-45db-bd50-99a5ab6072c7/dfa20614-72cb-472f-843b-fa95c1e00f5c_1233585143.jpeg?h=225&w=225,Food Cupboard,"Dried Fruit, Nuts, Nutrient Powders & Seeds"
284982842,Bear Raspberry YoYos Multipack 5 x 20g,£3.00,£3.00/100g,£2.00 Save 1/3 Clubcard Price,(£2.00/100g),True,Offer valid for delivery from 16/04/2025 until 13/05/2025,False,4.6,963,False,https://www.tesco.com/groceries/en-GB/products/284982842,https://digitalcontent.api.tesco.com/v2/media/ghs/1cb3b7f3-e3ab-42cd-b3f8-770fff871df5/7d697ecc-9d4e-4a01-a955-f37f04d4ce52_1878133801.jpeg?h=225&w=225,Food Cupboard,"Dried Fruit, Nuts, Nutrient Powders & Seeds"
302677029,Tesco Finest Roasted Nut Selection 190G,£3.70,£19.47/kg,,,False,,False,4.3,41,False,https://www.tesco.com/groceries/en-GB/products/302677029,https://digitalcontent.api.tesco.com/v2/media/ghs/ac2c8ddf-f65f-4ee5-a915-fc70556fc186/c0efa02b-3d43-4bf6-b5e0-c16aedbbb44d_1582232617.jpeg?h=225&w=225,Food Cupboard,"Dried Fruit, Nuts, Nutrient Powders & Seeds"
254914365,Tesco Whole Blanched Almonds 100G,£1.80,£18.00/kg,,,False,,False,4.7,38,False,https://www.tesco.com/groceries/en-GB/products/254914365,https://digitalcontent.api.tesco.com/v2/media/ghs/218b3ce9-427a-4df3-841e-54792fc5818f/9f188660-83b4-4a2d-a878-52c529e8e50c_659998064.jpeg?h=225&w=225,Food Cupboard,"Dried Fruit, Nuts, Nutrient Powders & Seeds"
254998702,Tesco Toasted Flaked Almonds 100G,£1.80,£18.00/kg,,,False,,False,4.6,63,False,https://www.tesco.com/groceries/en-GB/products/254998702,https://digitalcontent.api.tesco.com/v2/media/ghs/5abf279b-47b7-4c1c-8262-a9db5215809c/58fab02d-b33f-44da-89e7-47619b67bd7e_1216541646.jpeg?h=225&w=225,Food Cupboard,"Dried Fruit, Nuts, Nutrient Powders & Seeds"
302986373,Tesco Apple & Strawberry Fruit Slurpers 4X90g,£2.25,£0.62/100g,£2.00 Clubcard Price,(£0.56/100g),True,Offer valid for delivery from 16/04/2025 until 13/05/2025,False,4.9,17,False,https://www.tesco.com/groceries/en-GB/products/302986373,https://digitalcontent.api.tesco.com/v2/media/ghs/760aadd7-e029-462a-8080-1ea47a0a8a65/350ec506-7b30-47d7-bc48-118d1148579d_1010577810.jpeg?h=225&w=225,Food Cupboard,"Dried Fruit, Nuts, Nutrient Powders & Seeds"
302986396,Tesco Apple & Banana Fruit Slurpers 4X90g,£2.25,£0.62/100g,£2.00 Clubcard Price,(£0.56/100g),True,Offer valid for delivery from 16/04/2025 until 13/05/2025,False,4.6,18,False,https://www.tesco.com/groceries/en-GB/products/302986396,https://digitalcontent.api.tesco.com/v2/media/ghs/98f17ac5-d090-44b5-885f-dfd2172921c1/89273585-1fa8-4978-8a24-aaeff7888d75_99146960.jpeg?h=225&w=225,Food Cupboard,"Dried Fruit, Nuts, Nutrient Powders & Seeds"
297385498,Kp Salt & Vinegar Peanuts 225G,£3.25,£14.44/kg,£2.75 Clubcard Price,(£12.22/kg),True,Offer valid for delivery from 26/03/2025 until 22/04/2025,False,4.7,52,False,https://www.tesco.com/groceries/en-GB/products/297385498,https://digitalcontent.api.tesco.com/v2/media/ghs/d540acc1-a0a6-406f-bde4-5cd6b8cc7b13/6ad6a3ab-d446-46b4-8baa-9f3193a51bb5_211128725.jpeg?h=225&w=225,Food Cupboard,"Dried Fruit, Nuts, Nutrient Powders & Seeds"
265285233,Fruit Factory Multi Fruit Strings 5 Pack 100G,£2.50,£2.50/100g,,,False,,False,3.7,3,False,https://www.tesco.com/groceries/en-GB/products/265285233,https://digitalcontent.api.tesco.com/v2/media/ghs/3ec76fa9-c528-479f-baac-c24922e07b40/521550e0-d6d8-4674-a455-adffde26859b_131406268.jpeg?h=225&w=225,Food Cupboard,"Dried Fruit, Nuts, Nutrient Powders & Seeds"
297385515,Kp Honey Roast Peanuts 225G,£3.25,£14.44/kg,£2.75 Clubcard Price,(£12.22/kg),True,Offer valid for delivery from 26/03/2025 until 22/04/2025,False,4.7,53,False,https://www.tesco.com/groceries/en-GB/products/297385515,https://digitalcontent.api.tesco.com/v2/media/ghs/d6efc8d8-791a-4786-a3ca-9835b8e32725/a52b0793-0fe8-4b53-9e30-80a0700b0b26_1263840963.jpeg?h=225&w=225,Food Cupboard,"Dried Fruit, Nuts, Nutrient Powders & Seeds"
268347369,Nakd Berry Delight Raw Fruit & Nut Bar 4x35g,£3.00,£2.14/100g,£2.25 Save 25% Clubcard Price,(£1.61/100g),True,Offer valid for delivery from 16/04/2025 until 25/05/2025,False,4.8,36,False,https://www.tesco.com/groceries/en-GB/products/268347369,https://digitalcontent.api.tesco.com/v2/media/ghs/661464ea-1367-46ff-9c2d-af82990a0468/820d4ab0-5d89-4f76-8508-f2cc5611c63f_870139326.jpeg?h=225&w=225,Food Cupboard,"Dried Fruit, Nuts, Nutrient Powders & Seeds"
254915306,Tesco Currants 500G,£2.50,£5.00/kg,,,False,,False,3.9,32,False,https://www.tesco.com/groceries/en-GB/products/254915306,https://digitalcontent.api.tesco.com/v2/media/ghs/f39cebee-1b31-47b0-af83-aab7cafc6ad0/85fd09bd-5b1f-479e-8a7a-1a6607be3402_773171124.jpeg?h=225&w=225,Food Cupboard,"Dried Fruit, Nuts, Nutrient Powders & Seeds"
265388463,Fruit Factory Multi Fruit Stars 5 Pack 100G,£2.50,£2.50/100g,,,False,,False,,3,False,https://www.tesco.com/groceries/en-GB/products/265388463,https://digitalcontent.api.tesco.com/v2/media/ghs/ab2f9e6b-8207-4763-b732-cd2dd74db2b1/114212a5-a0a2-4e1f-8210-8187fe6927f1_1389552709.jpeg?h=225&w=225,Food Cupboard,"Dried Fruit, Nuts, Nutrient Powders & Seeds"
260733201,Tesco Dried Mango 100G,£2.50,£25.00/kg,£2.00 Clubcard Price,(£20.00/kg),True,Offer valid for delivery from 05/03/2025 until 06/05/2025,False,4.4,44,False,https://www.tesco.com/groceries/en-GB/products/260733201,https://digitalcontent.api.tesco.com/v2/media/ghs/74e5870f-035f-4500-b821-2c13908f5c10/ea86114f-8e31-4c9e-8ebb-af056d8de825.jpeg?h=225&w=225,Food Cupboard,"Dried Fruit, Nuts, Nutrient Powders & Seeds"
282800132,Walkers Sensations Coated Peanuts Smoked Chilli Sharing Bag 150g,£2.50,£1.67/100g,,,False,,False,4.7,3,False,https://www.tesco.com/groceries/en-GB/products/282800132,https://digitalcontent.api.tesco.com/v2/media/ghs/0cce078a-e38d-4196-9992-e13761b55d72/4f191345-37a7-44af-8f17-dc44be9065af_909445225.jpeg?h=225&w=225,Food Cupboard,"Dried Fruit, Nuts, Nutrient Powders & Seeds"
266386982,Tesco Sunflower Seeds 150G,£1.80,£12.00/kg,,,False,,False,4.8,39,False,https://www.tesco.com/groceries/en-GB/products/266386982,https://digitalcontent.api.tesco.com/v2/media/ghs/fbe675a1-7973-4561-bd0a-12394138eb10/e9b1959b-50d5-4fbb-9cc5-6c661710bbc3.jpeg?h=225&w=225,Food Cupboard,"Dried Fruit, Nuts, Nutrient Powders & Seeds"
258056187,Tesco Prunes 250G,£2.00,£8.00/kg,,,False,,False,4.1,81,False,https://www.tesco.com/groceries/en-GB/products/258056187,https://digitalcontent.api.tesco.com/v2/media/ghs/bff13332-870e-42fd-a308-25692586227c/6e9e12a5-da15-4c27-b357-d0d94cb744f6.jpeg?h=225&w=225,Food Cupboard,"Dried Fruit, Nuts, Nutrient Powders & Seeds"
289082062,Peppa Pig Mini Snack Raisins 9X14g,£1.50,£11.90/kg,,,False,,False,4.2,5,False,https://www.tesco.com/groceries/en-GB/products/289082062,https://digitalcontent.api.tesco.com/v2/media/ghs/82571644-b7f5-4b60-b0a8-b7f2e169a441/5760c500-8a7c-4643-a371-8ef58be6098c_1970585572.jpeg?h=225&w=225,Food Cupboard,"Dried Fruit, Nuts, Nutrient Powders & Seeds"
268424848,Tesco Roasted & Salted Almonds 100G,£1.65,£16.50/kg,,,False,,False,4.4,29,False,https://www.tesco.com/groceries/en-GB/products/268424848,https://digitalcontent.api.tesco.com/v2/media/ghs/5471ec57-b6f2-4ea7-aea7-d25e6da11882/09788c9e-7d9f-4978-bc51-bffe8dc34522_932133751.jpeg?h=225&w=225,Food Cupboard,"Dried Fruit, Nuts, Nutrient Powders & Seeds"
250163971,Tesco Bombay Mix Snacks 200 G,£1.55,£7.75/kg,,,False,,False,2.2,59,False,https://www.tesco.com/groceries/en-GB/products/250163971,https://digitalcontent.api.tesco.com/v2/media/ghs/2c3531a9-f2c5-466f-b7a5-3e025c80e6f8/1502ac40-cf36-4cfc-9fe3-2848d930c8ba_1302872001.jpeg?h=225&w=225,Food Cupboard,"Dried Fruit, Nuts, Nutrient Powders & Seeds"
259652136,Tesco Sesame Seeds 100G,£1.20,£12.00/kg,,,False,,False,4.6,25,False,https://www.tesco.com/groceries/en-GB/products/259652136,https://digitalcontent.api.tesco.com/v2/media/ghs/d3102f70-7197-43cd-a1a9-1e4a2af3e3ad/de3db569-62c0-4f53-9a33-451e117d7906_1798495655.jpeg?h=225&w=225,Food Cupboard,"Dried Fruit, Nuts, Nutrient Powders & Seeds"
256056991,Tesco Roasted Monkey Nuts 250G,£1.35,£5.40/kg,,,False,,False,3.9,33,False,https://www.tesco.com/groceries/en-GB/products/256056991,https://digitalcontent.api.tesco.com/v2/media/ghs/11434c5b-11c4-4576-9be1-a1adb7ff4154/693b98cd-4ebf-4ee8-8d92-ec73b079b41a.jpeg?h=225&w=225,Food Cupboard,"Dried Fruit, Nuts, Nutrient Powders & Seeds"
266375344,Tesco Pistachios 200g,£2.45,£12.25/kg,,,False,,False,4.4,32,False,https://www.tesco.com/groceries/en-GB/products/266375344,https://digitalcontent.api.tesco.com/v2/media/ghs/cfed0948-3603-43ff-994b-f9827b1015a7/8f760d62-d79e-4501-bc83-b1337f483d42.jpeg?h=225&w=225,Food Cupboard,"Dried Fruit, Nuts, Nutrient Powders & Seeds"
270934167,Tesco Yogurt Coated Strawberry Fruit Bites 125G,£1.90,£1.52/100g,,,False,,False,4.2,30,False,https://www.tesco.com/groceries/en-GB/products/270934167,https://digitalcontent.api.tesco.com/v2/media/ghs/22a369e5-057c-4741-9ec2-931e2fbf7db2/0428a6f1-6b13-4dd2-a9bf-d125a3d13ae1_1112031714.jpeg?h=225&w=225,Food Cupboard,"Dried Fruit, Nuts, Nutrient Powders & Seeds"
286783732,Whitworths Dried Golden Malatya Apricots 140G,£2.00,£14.29/kg,Any 2 for £3.20 Clubcard Price - Selected Whitworths Classics Multibuy 130g-350g,,True,Offer valid for delivery from 01/01/2025 until 01/09/2025,False,4.7,10,False,https://www.tesco.com/groceries/en-GB/products/286783732,https://digitalcontent.api.tesco.com/v2/media/ghs/f13b62ef-0d2a-4a5e-8ce0-6eebf265b632/80f026b2-21b5-4704-91f2-bafe9a05493e_787005433.jpeg?h=225&w=225,Food Cupboard,"Dried Fruit, Nuts, Nutrient Powders & Seeds"
257260044,Tesco Glace Cherries 200G,£1.80,£9.00/kg,,,False,,False,4.6,41,False,https://www.tesco.com/groceries/en-GB/products/257260044,https://digitalcontent.api.tesco.com/v2/media/ghs/e0ade533-7451-4cca-8426-2bdae9eec41c/feccdeb9-a6ac-418c-87fa-d3739097d663_1335838855.jpeg?h=225&w=225,Food Cupboard,"Dried Fruit, Nuts, Nutrient Powders & Seeds"
268345256,Tesco Bbq Flavoured Coated Peanuts 200G,£2.00,£10.00/kg,,,False,,False,3.8,38,False,https://www.tesco.com/groceries/en-GB/products/268345256,https://digitalcontent.api.tesco.com/v2/media/ghs/42b9c073-f012-4168-9129-fe562a52a67b/4a07b994-d597-4495-8274-7961a085224b_476513728.jpeg?h=225&w=225,Food Cupboard,"Dried Fruit, Nuts, Nutrient Powders & Seeds"
309188051,Kellogg's Fruit Winders Strawberry Snack Rolls 5x17g,£2.00,£2.35/100g,£1.50 Save 25% Clubcard Price,(£1.76/100g),True,Offer valid for delivery from 17/03/2025 until 13/05/2025,False,4.3,56,False,https://www.tesco.com/groceries/en-GB/products/309188051,https://digitalcontent.api.tesco.com/v2/media/ghs/d2525b73-2582-4e85-932b-707d90bb5b3e/7206c535-273c-4f5e-837c-0640236e8e4c_775566130.jpeg?h=225&w=225,Food Cupboard,"Dried Fruit, Nuts, Nutrient Powders & Seeds"
303001858,Tesco Seedless Raisins 12 Pack 168G,£1.20,£7.14/kg,,,False,,False,4.6,73,False,https://www.tesco.com/groceries/en-GB/products/303001858,https://digitalcontent.api.tesco.com/v2/media/ghs/7786331f-89ca-4e21-857c-9bb6b0b586a4/e200aa86-aad9-4763-b2bb-8b28ad1c8f54_493624316.jpeg?h=225&w=225,Food Cupboard,"Dried Fruit, Nuts, Nutrient Powders & Seeds"
309205359,Kellogg's Fruit Winders Doubles Strawberry & Blackcurrant 5X17g,£2.00,£2.35/100g,£1.50 Save 25% Clubcard Price,(£1.76/100g),True,Offer valid for delivery from 17/03/2025 until 13/05/2025,False,4.4,42,False,https://www.tesco.com/groceries/en-GB/products/309205359,https://digitalcontent.api.tesco.com/v2/media/ghs/4abcb244-08c5-41dd-8368-ff506fac1d63/41aa2deb-285d-4d78-b95d-4ce65a43a5e4_935686313.jpeg?h=225&w=225,Food Cupboard,"Dried Fruit, Nuts, Nutrient Powders & Seeds"
309163190,Kellogg's Fruit Winders Doubles Strawberry & Apple Snack Rolls 5x17g,£2.00,£2.35/100g,£1.50 Save 25% Clubcard Price,(£1.76/100g),True,Offer valid for delivery from 17/03/2025 until 13/05/2025,False,4.3,40,False,https://www.tesco.com/groceries/en-GB/products/309163190,https://digitalcontent.api.tesco.com/v2/media/ghs/1eba31cd-f65c-4595-b262-705039ba84e2/1d6c0e1d-d4e6-4727-9577-dab11d174337_538389648.jpeg?h=225&w=225,Food Cupboard,"Dried Fruit, Nuts, Nutrient Powders & Seeds"
258058058,Tesco Soft Figs 250G,£2.25,£9.00/kg,,,False,,False,4.8,73,False,https://www.tesco.com/groceries/en-GB/products/258058058,https://digitalcontent.api.tesco.com/v2/media/ghs/c2552385-afee-4694-b788-a5f9d64a3d8d/d46914a0-5cc8-4d7c-94b0-1a89edbdfc3c_2002927869.jpeg?h=225&w=225,Food Cupboard,"Dried Fruit, Nuts, Nutrient Powders & Seeds"
299497679,Tesco Mixed Nuts & Pecans 25G,£0.70,£28.00/kg,Any 3 for 2 Clubcard Price - Cheapest Product Free - Selected Tesco Dried Fruit Or Nuts,,True,Offer valid for delivery from 03/09/2022 until 31/12/2040,False,4.4,34,False,https://www.tesco.com/groceries/en-GB/products/299497679,https://digitalcontent.api.tesco.com/v2/media/ghs/0c844845-26a3-4882-8bdd-da93f3f0b1dd/713d801c-9b08-4ad5-a735-7ec609cccc4d.jpeg?h=225&w=225,Food Cupboard,"Dried Fruit, Nuts, Nutrient Powders & Seeds"
299497633,Tesco Cashew Nuts 25G,£0.70,£28.00/kg,Any 3 for 2 Clubcard Price - Cheapest Product Free - Selected Tesco Dried Fruit Or Nuts,,True,Offer valid for delivery from 03/09/2022 until 31/12/2040,False,4.4,70,False,https://www.tesco.com/groceries/en-GB/products/299497633,https://digitalcontent.api.tesco.com/v2/media/ghs/98d3f2c8-b78a-41a3-9654-a9bfc25d57a4/5029c1f5-dacc-4635-865d-b2763ace406b.jpeg?h=225&w=225,Food Cupboard,"Dried Fruit, Nuts, Nutrient Powders & Seeds"
283111735,Tesco Cashew Nuts Snack Pack 60G,£1.15,£1.92/100g,Any 3 for 2 Clubcard Price - Cheapest Product Free - Selected Tesco Dried Fruit Or Nuts,,True,Offer valid for delivery from 03/09/2022 until 31/12/2040,False,4.3,39,False,https://www.tesco.com/groceries/en-GB/products/283111735,https://digitalcontent.api.tesco.com/v2/media/ghs/12a75c56-9897-41eb-b5e4-a6569b80a223/e9be3b3a-8cf1-42ec-902e-f29f50ce93f8.jpeg?h=225&w=225,Food Cupboard,"Dried Fruit, Nuts, Nutrient Powders & Seeds"
262291161,Tesco Whole Foods Luxury Fruit & Nut Mix 300g,£4.70,£15.67/kg,,,False,,False,4.8,39,False,https://www.tesco.com/groceries/en-GB/products/262291161,https://digitalcontent.api.tesco.com/v2/media/ghs/2b7bea59-a1a7-4c2c-9dae-1c8fdf0af4ef/cf119f4f-6424-4f77-b3d1-fda3753313b7_1868621348.jpeg?h=225&w=225,Food Cupboard,"Dried Fruit, Nuts, Nutrient Powders & Seeds"
262874330,Tesco Wholefood Ready To Eat Prunes 1Kg,£6.25,£6.25/kg,,,False,,False,3.9,45,False,https://www.tesco.com/groceries/en-GB/products/262874330,https://digitalcontent.api.tesco.com/v2/media/ghs/652d7343-dfd8-47d4-9cf8-b489deb1af0c/10a14939-0c53-41e7-9779-eda67e9dc9fb_3772546.jpeg?h=225&w=225,Food Cupboard,"Dried Fruit, Nuts, Nutrient Powders & Seeds"
271063268,Tesco Flame Raisins 500G,£3.80,£7.60/kg,,,False,,False,4.1,42,False,https://www.tesco.com/groceries/en-GB/products/271063268,https://digitalcontent.api.tesco.com/v2/media/ghs/126c4a96-73da-4276-aea8-caa9e2f60528/ce341a64-8e7c-44f5-a0f6-08149a760197_1858061560.jpeg?h=225&w=225,Food Cupboard,"Dried Fruit, Nuts, Nutrient Powders & Seeds"
256515195,Tesco Sunflower Seeds 300G,£2.50,£8.33/kg,,,False,,False,4.8,18,False,https://www.tesco.com/groceries/en-GB/products/256515195,https://digitalcontent.api.tesco.com/v2/media/ghs/3cd81cb8-33c1-4ab7-85d3-3caa299a0bb9/7804a792-fa01-485c-b083-836cfc65aa74_496429462.jpeg?h=225&w=225,Food Cupboard,"Dried Fruit, Nuts, Nutrient Powders & Seeds"
273812128,Tesco Pumpkin Seeds 250G,£2.75,£11.00/kg,,,False,,False,4.9,59,False,https://www.tesco.com/groceries/en-GB/products/273812128,https://digitalcontent.api.tesco.com/v2/media/ghs/b4d6fc39-7142-4c37-ab11-e854cb6b9420/557bd3d9-7840-41a3-88a1-4d00c8292485_1757382329.jpeg?h=225&w=225,Food Cupboard,"Dried Fruit, Nuts, Nutrient Powders & Seeds"
268285067,Tesco Roasted Salted Cashew Nuts 350,£4.65,£13.29/kg,,,False,,False,4.7,78,False,https://www.tesco.com/groceries/en-GB/products/268285067,https://digitalcontent.api.tesco.com/v2/media/ghs/ebb88909-5acd-40e2-81d3-5a5bf7e83763/38a4eff2-71b4-4be9-880a-b015eb69cf3e_1209601968.jpeg?h=225&w=225,Food Cupboard,"Dried Fruit, Nuts, Nutrient Powders & Seeds"
271074088,Tesco Hazelnuts 250G,£3.60,£14.40/kg,,,False,,False,3.9,21,False,https://www.tesco.com/groceries/en-GB/products/271074088,https://digitalcontent.api.tesco.com/v2/media/ghs/31e66d87-3260-4446-baa6-532dce443de3/71ef8db3-88e1-4ac7-b20f-e8a7ff6f087f_1664572529.jpeg?h=225&w=225,Food Cupboard,"Dried Fruit, Nuts, Nutrient Powders & Seeds"
271074445,Tesco Soft Figs 440G,£4.85,£11.02/kg,,,False,,False,4.3,40,False,https://www.tesco.com/groceries/en-GB/products/271074445,https://digitalcontent.api.tesco.com/v2/media/ghs/e0277b17-ed7a-4a84-99f8-573bfed6bca6/fbd134de-83ea-4fa6-b979-4e9df7c372d9_288149847.jpeg?h=225&w=225,Food Cupboard,"Dried Fruit, Nuts, Nutrient Powders & Seeds"
308870949,Tesco Cranberries 100G,£2.00,£20.00/kg,,,False,,False,,20,False,https://www.tesco.com/groceries/en-GB/products/308870949,https://digitalcontent.api.tesco.com/v2/media/ghs/3b9c6789-df91-4318-bd79-f52af7e33f67/bb921e62-534f-4f20-9bf0-64f0f23ea3e7.jpeg?h=225&w=225,Food Cupboard,"Dried Fruit, Nuts, Nutrient Powders & Seeds"
299581631,Kp Unsalted Peanuts 250G,£3.25,£13.00/kg,,,False,,False,4.2,35,False,https://www.tesco.com/groceries/en-GB/products/299581631,https://digitalcontent.api.tesco.com/v2/media/ghs/a18d8dba-be45-4ccd-95ad-26adf5eb38cc/86d50882-4133-4aad-a8bb-3cea28552df9_1502172985.jpeg?h=225&w=225,Food Cupboard,"Dried Fruit, Nuts, Nutrient Powders & Seeds"
266387520,Tesco Fruit And Nut Mix 200G,£2.45,£12.25/kg,,,False,,False,4.2,37,False,https://www.tesco.com/groceries/en-GB/products/266387520,https://digitalcontent.api.tesco.com/v2/media/ghs/5334d93c-407d-4532-be1a-ffc07da149bd/51a12cf7-4c7b-4290-89f9-9a85bdb028cf.jpeg?h=225&w=225,Food Cupboard,"Dried Fruit, Nuts, Nutrient Powders & Seeds"
287001289,Organix Banana & Date 6 X 17G,£3.00,£2.94/100g,,,False,,False,3.9,21,False,https://www.tesco.com/groceries/en-GB/products/287001289,https://digitalcontent.api.tesco.com/v2/media/ghs/8cc0e405-b07a-46f9-a950-2608238ea0ea/b892f760-4b3b-4a4c-9d0e-a531908d9ee0_2101502745.jpeg?h=225&w=225,Food Cupboard,"Dried Fruit, Nuts, Nutrient Powders & Seeds"
301970992,Fruit Bowl Raspberry Peelers 5X16g,£2.75,£3.44/100g,£2.25 Clubcard Price,(£2.81/100g),True,Offer valid for delivery from 16/04/2025 until 13/05/2025,False,,2,False,https://www.tesco.com/groceries/en-GB/products/301970992,https://digitalcontent.api.tesco.com/v2/media/ghs/3061b554-f41a-4268-b3c1-cf48cd7ad6cb/ab1a4973-4f94-4328-8233-fa9d3d69728d_108148254.jpeg?h=225&w=225,Food Cupboard,"Dried Fruit, Nuts, Nutrient Powders & Seeds"
284983000,Bear Apple YoYos Multipack 5 x 20g,£3.00,£3.00/100g,£2.00 Save 1/3 Clubcard Price,(£2.00/100g),True,Offer valid for delivery from 16/04/2025 until 13/05/2025,False,4.6,7,False,https://www.tesco.com/groceries/en-GB/products/284983000,https://digitalcontent.api.tesco.com/v2/media/ghs/43d2772f-5d91-4bda-862a-eec33f10afb3/6c940311-63a9-4bc4-abc4-3cdf0629498c_1223990127.jpeg?h=225&w=225,Food Cupboard,"Dried Fruit, Nuts, Nutrient Powders & Seeds"
306934210,Bear Giant Yoyo - Strawberry & Mango 5 x 20g,£3.00,£3.00/100g,£2.00 Save 1/3 Clubcard Price,(£2.00/100g),True,Offer valid for delivery from 16/04/2025 until 13/05/2025,False,,4,False,https://www.tesco.com/groceries/en-GB/products/306934210,https://digitalcontent.api.tesco.com/v2/media/ghs/7192042e-3cb2-49cf-a2ce-128881026a46/19340474-82ec-4987-a7bf-85328369d53f_715660910.jpeg?h=225&w=225,Food Cupboard,"Dried Fruit, Nuts, Nutrient Powders & Seeds"
306942056,Bear Bites Strawberry & Butternut Squash 5 Pack,£2.85,£3.17/100g,£2.15 Clubcard Price,(£2.39/100g),True,Offer valid for delivery from 16/04/2025 until 13/05/2025,False,,,False,https://www.tesco.com/groceries/en-GB/products/306942056,https://digitalcontent.api.tesco.com/v2/media/ghs/c31d1395-5657-4383-872b-53ee9795297c/6efc8bd1-3fba-4ba0-87ae-74f44dbb8f71_1113691077.jpeg?h=225&w=225,Food Cupboard,"Dried Fruit, Nuts, Nutrient Powders & Seeds"
284982669,Bear Pure Fruit Yoyos - Mango 5 x 20g,£3.00,£3.00/100g,£2.00 Save 1/3 Clubcard Price,(£2.00/100g),True,Offer valid for delivery from 16/04/2025 until 13/05/2025,False,4.7,992,False,https://www.tesco.com/groceries/en-GB/products/284982669,https://digitalcontent.api.tesco.com/v2/media/ghs/6bcddb07-c1d4-4ee6-b83e-3903ad6a8c9f/fc39f024-98ba-4cd8-a093-23906f3b67c6_1748366352.jpeg?h=225&w=225,Food Cupboard,"Dried Fruit, Nuts, Nutrient Powders & Seeds"
264807454,Tesco Unsalted Mixed Nuts & Raisins 250G,£2.10,£8.40/kg,,,False,,False,4.1,39,False,https://www.tesco.com/groceries/en-GB/products/264807454,https://digitalcontent.api.tesco.com/v2/media/ghs/23b4731f-f8e4-4667-92f0-802d37d0becb/62867c7c-02dd-4b21-a225-c50b76064028_294421322.jpeg?h=225&w=225,Food Cupboard,"Dried Fruit, Nuts, Nutrient Powders & Seeds"
282614122,Bear Blackcurrant Yoyo Multipack 5X20g,£3.00,£3.00/100g,£2.00 Save 1/3 Clubcard Price,(£2.00/100g),True,Offer valid for delivery from 16/04/2025 until 13/05/2025,False,4.4,11,False,https://www.tesco.com/groceries/en-GB/products/282614122,https://digitalcontent.api.tesco.com/v2/media/ghs/61b37fab-2e58-4150-bab3-570c199f5f2e/78951651-77ab-46cf-bb11-7ba7dc23e236_783712216.jpeg?h=225&w=225,Food Cupboard,"Dried Fruit, Nuts, Nutrient Powders & Seeds"
309456984,Tesco Organic Ground Almonds 100G,£2.50,£25.00/kg,,,False,,False,4.8,15,False,https://www.tesco.com/groceries/en-GB/products/309456984,https://digitalcontent.api.tesco.com/v2/media/ghs/0fe1e27c-1781-452a-abde-8bc93a622049/43e0915e-cd21-40d5-a50b-c76be22836db_1560167756.jpeg?h=225&w=225,Food Cupboard,"Dried Fruit, Nuts, Nutrient Powders & Seeds"
302986338,Tesco Tropical Fruit Slurpers 4X90g,£2.25,£0.62/100g,£2.00 Clubcard Price,(£0.56/100g),True,Offer valid for delivery from 16/04/2025 until 13/05/2025,False,4.8,30,False,https://www.tesco.com/groceries/en-GB/products/302986338,https://digitalcontent.api.tesco.com/v2/media/ghs/780b4bf3-3012-4cd2-b9fb-659fbaac9710/ff87e517-7b55-477f-9330-6a48297173cc_1366266709.jpeg?h=225&w=225,Food Cupboard,"Dried Fruit, Nuts, Nutrient Powders & Seeds"
302986350,Tesco Apple Fruit Slurpers 4 x 90g,£2.25,£0.62/100g,£2.00 Clubcard Price,(£0.56/100g),True,Offer valid for delivery from 16/04/2025 until 13/05/2025,False,4.7,15,False,https://www.tesco.com/groceries/en-GB/products/302986350,https://digitalcontent.api.tesco.com/v2/media/ghs/895c80eb-f612-4f22-abba-ce9fbc13d2a6/8e109a0e-8725-43b0-b79f-5b6081d0fa73_1506974196.jpeg?h=225&w=225,Food Cupboard,"Dried Fruit, Nuts, Nutrient Powders & Seeds"
265285285,Fruit Factory Fruit Strings Strawberry 5X20g,£2.50,£2.50/100g,,,False,,False,,4,False,https://www.tesco.com/groceries/en-GB/products/265285285,https://digitalcontent.api.tesco.com/v2/media/ghs/2991696d-922a-4fa1-b371-3b26fcd69bee/8338dd59-e2b3-4c80-ab7b-c7324ddd26f2_1893218589.jpeg?h=225&w=225,Food Cupboard,"Dried Fruit, Nuts, Nutrient Powders & Seeds"
312085491,Fruit Factory 4 Flavour Fruit Twists 5 X 18G,£2.50,£2.78/100g,,,False,,False,3.3,7,False,https://www.tesco.com/groceries/en-GB/products/312085491,https://digitalcontent.api.tesco.com/v2/media/ghs/0b1c184f-844c-47b4-9e61-99935289b98a/76aa27cf-974c-4ffa-8995-0085286ebc47_1735026402.jpeg?h=225&w=225,Food Cupboard,"Dried Fruit, Nuts, Nutrient Powders & Seeds"
279568413,Nakd Cocoa Orange Fruit & Nut Bars 4 Pack 140g,£3.00,£2.14/100g,£2.25 Save 25% Clubcard Price,(£1.61/100g),True,Offer valid for delivery from 16/04/2025 until 25/05/2025,False,4.6,32,False,https://www.tesco.com/groceries/en-GB/products/279568413,https://digitalcontent.api.tesco.com/v2/media/ghs/438d7219-1751-4957-acae-f4804eea6dc3/d0dea843-017c-48e1-8417-71f179731fde_950250721.jpeg?h=225&w=225,Food Cupboard,"Dried Fruit, Nuts, Nutrient Powders & Seeds"
256192794,Tesco Roasted Chopped Hazelnut 100G,£2.10,£21.00/kg,,,False,,False,4.7,29,False,https://www.tesco.com/groceries/en-GB/products/256192794,https://digitalcontent.api.tesco.com/v2/media/ghs/2519eb0d-8a36-4ea9-8d32-cb9f0f1f542e/f5467b66-74d6-4731-9430-940b2e9553ad_1212148630.jpeg?h=225&w=225,Food Cupboard,"Dried Fruit, Nuts, Nutrient Powders & Seeds"
297754839,Gogo Squeez Fruit Snack Apple Strawberry 4X90g,£2.55,£0.71/100g,£1.75 Clubcard Price,(£0.49/100g),True,Offer valid for delivery from 16/04/2025 until 13/05/2025,False,4.5,60,False,https://www.tesco.com/groceries/en-GB/products/297754839,https://digitalcontent.api.tesco.com/v2/media/ghs/6724b5d4-d70c-4d18-b90b-139372da06bb/429c2222-330b-47bc-974b-9da1ab9a15d6_1835829174.jpeg?h=225&w=225,Food Cupboard,"Dried Fruit, Nuts, Nutrient Powders & Seeds"
259463129,Tesco Whole Blanched Hazelnuts 100G,£2.10,£21.00/kg,,,False,,False,4.1,13,False,https://www.tesco.com/groceries/en-GB/products/259463129,https://digitalcontent.api.tesco.com/v2/media/ghs/9b9ba3e0-09b3-47ca-a5a2-462c4c008d04/8d78c98f-e64b-496f-b9da-78b11c6de9c2_1520104435.jpeg?h=225&w=225,Food Cupboard,"Dried Fruit, Nuts, Nutrient Powders & Seeds"
265388411,Fruit Factory Fruit Hearts Strawberry 5X20g,£2.50,£2.50/100g,,,False,,False,,4,False,https://www.tesco.com/groceries/en-GB/products/265388411,https://digitalcontent.api.tesco.com/v2/media/ghs/852a2adb-4e04-437a-a5b6-430d2a07b3ed/2f0caef6-2e85-4597-970d-0f73576cdaea_277943565.jpeg?h=225&w=225,Food Cupboard,"Dried Fruit, Nuts, Nutrient Powders & Seeds"
250281502,Tesco Organic Medjool Dates 200G,£2.50,£12.50/kg,,,False,,False,3.3,34,False,https://www.tesco.com/groceries/en-GB/products/250281502,https://digitalcontent.api.tesco.com/v2/media/ghs/ae3aa465-1a3a-45d2-8444-c3c52241d1e1/013be242-3f4b-4017-8791-2ed207f37f8b.jpeg?h=225&w=225,Food Cupboard,"Dried Fruit, Nuts, Nutrient Powders & Seeds"
307145376,Marmite Oven Baked Cashews 90G,£3.00,£33.33/kg,,,False,,False,4.4,159,False,https://www.tesco.com/groceries/en-GB/products/307145376,https://digitalcontent.api.tesco.com/v2/media/ghs/7c35dc45-7874-46b1-a199-08e1c98f30da/b60702ca-c4e6-4cca-b05c-01ce27075dc7_665001719.jpeg?h=225&w=225,Food Cupboard,"Dried Fruit, Nuts, Nutrient Powders & Seeds"
256335966,Tesco Unsalted Roasted Monkey Nuts 300G,£1.65,£5.50/kg,,,False,,False,3.8,30,False,https://www.tesco.com/groceries/en-GB/products/256335966,https://digitalcontent.api.tesco.com/v2/media/ghs/32b377a8-38fa-4f5c-925c-e2239e8291d8/53f90e75-746a-4b5e-b3b5-b1ca71ac375d_562974889.jpeg?h=225&w=225,Food Cupboard,"Dried Fruit, Nuts, Nutrient Powders & Seeds"
275930653,Whitworths Chopped Dates 250G,£2.35,£9.40/kg,Any 2 for £3.20 Clubcard Price - Selected Whitworths Classics Multibuy 130g-350g,,True,Offer valid for delivery from 01/01/2025 until 01/09/2025,False,4.5,8,False,https://www.tesco.com/groceries/en-GB/products/275930653,https://digitalcontent.api.tesco.com/v2/media/ghs/96529152-0914-4227-9221-952ed4165d5a/4039a192-e5be-456f-bf30-0e0e0fe5dd99_1608253780.jpeg?h=225&w=225,Food Cupboard,"Dried Fruit, Nuts, Nutrient Powders & Seeds"
302677255,Tesco Milled Flax Seed Mix 175G,£1.95,£11.14/kg,,,False,,False,4.9,35,False,https://www.tesco.com/groceries/en-GB/products/302677255,https://digitalcontent.api.tesco.com/v2/media/ghs/c2040c5e-205f-48c0-bac1-e811b8aa6975/1e9968b0-9d98-4e87-bf49-e4b72cdddec4.jpeg?h=225&w=225,Food Cupboard,"Dried Fruit, Nuts, Nutrient Powders & Seeds"
280484770,Whitworths Stoned Sayer Dates 300G,£2.00,£6.67/kg,Any 2 for £3.20 Clubcard Price - Selected Whitworths Classics Multibuy 130g-350g,,True,Offer valid for delivery from 01/01/2025 until 01/09/2025,False,3.3,19,False,https://www.tesco.com/groceries/en-GB/products/280484770,https://digitalcontent.api.tesco.com/v2/media/ghs/40397b4b-a1b3-4cc0-8ab3-c506caa10baf/a41d4b05-4ca1-49bf-92ab-c22d82e6d1b5_1616638126.jpeg?h=225&w=225,Food Cupboard,"Dried Fruit, Nuts, Nutrient Powders & Seeds"
309452245,Tesco Coated Raisins - Yogurt Flavoured Coating 125g,£1.90,£1.52/100g,,,False,,False,4.5,26,False,https://www.tesco.com/groceries/en-GB/products/309452245,https://digitalcontent.api.tesco.com/v2/media/ghs/ad6d5d64-03f3-4de4-a427-f6e921770d17/5d715624-96fd-4cfe-94bf-9a0cd872905d_1670227252.jpeg?h=225&w=225,Food Cupboard,"Dried Fruit, Nuts, Nutrient Powders & Seeds"
256004166,Tesco Chopped Mixed Nuts 200G,£1.75,£8.75/kg,,,False,,False,4.4,42,False,https://www.tesco.com/groceries/en-GB/products/256004166,https://digitalcontent.api.tesco.com/v2/media/ghs/0e255ee7-4dde-419f-8017-691c02c6d10f/4f482f3f-c396-43a7-8104-0b582c546c03_1273882687.jpeg?h=225&w=225,Food Cupboard,"Dried Fruit, Nuts, Nutrient Powders & Seeds"
280484355,Whitworths Extra Juicy Sultanas 325G,£2.00,£6.15/kg,Any 2 for £3.20 Clubcard Price - Selected Whitworths Classics Multibuy 130g-350g,,True,Offer valid for delivery from 01/01/2025 until 01/09/2025,False,3.7,11,False,https://www.tesco.com/groceries/en-GB/products/280484355,https://digitalcontent.api.tesco.com/v2/media/ghs/a9820db8-89d2-48d6-a140-f8cc063e6da3/d372e194-ee8e-4ca0-80d4-713cf478132f_437606320.jpeg?h=225&w=225,Food Cupboard,"Dried Fruit, Nuts, Nutrient Powders & Seeds"
308099031,Whitworths Sunny Fruit Mix-Ups - Apricots & Mango 4 x 18g,£1.25,£1.74/100g,,,False,,False,,2,False,https://www.tesco.com/groceries/en-GB/products/308099031,https://digitalcontent.api.tesco.com/v2/media/ghs/89fbfa25-fb69-44ee-a781-2e3d5016b3b7/e0e027ab-cd1e-498d-839d-c92c6b339fcb_629675205.jpeg?h=225&w=225,Food Cupboard,"Dried Fruit, Nuts, Nutrient Powders & Seeds"
254914244,Tesco Italian Mixed Peel 200G,£1.40,£7.00/kg,,,False,,False,4.6,38,False,https://www.tesco.com/groceries/en-GB/products/254914244,https://digitalcontent.api.tesco.com/v2/media/ghs/8c6d5814-13ed-4f48-a257-1538f03ea60d/20c5c0aa-9d02-4f92-bb08-c8ef5e30ca38_2107182964.jpeg?h=225&w=225,Food Cupboard,"Dried Fruit, Nuts, Nutrient Powders & Seeds"
301555948,Grower's Harvest Trail Mix 300G,£1.55,£5.17/kg,,,False,,False,4.8,31,False,https://www.tesco.com/groceries/en-GB/products/301555948,https://digitalcontent.api.tesco.com/v2/media/ghs/0f2c2f28-8fd4-4c16-9f0e-a2f0e9209c62/b8bce043-c476-4bb8-82f6-0e1a332b5102_1389112777.jpeg?h=225&w=225,Food Cupboard,"Dried Fruit, Nuts, Nutrient Powders & Seeds"
302685683,Tesco Snack Pack Mango 35G,,,Any 3 for 2 Clubcard Price - Cheapest Product Free - Selected Tesco Dried Fruit Or Nuts,,True,Offer valid for delivery from 03/09/2022 until 31/12/2040,False,,30,False,https://www.tesco.com/groceries/en-GB/products/302685683,https://digitalcontent.api.tesco.com/v2/media/ghs/c27d03d2-aaeb-43d2-891e-a5f8e21860df/ce2e8b0a-596b-4c6c-8319-1bfd0ccf19e1.jpeg?h=225&w=225,Food Cupboard,"Dried Fruit, Nuts, Nutrient Powders & Seeds"
281282235,Tesco Mixed Fruit with Cranberries & Apricots 500g,£2.20,£4.40/kg,,,False,,False,4.9,91,False,https://www.tesco.com/groceries/en-GB/products/281282235,https://digitalcontent.api.tesco.com/v2/media/ghs/1fdc98f3-cc7c-41b8-b3dd-e512a4f581bc/ef515a14-74e3-4bc6-8ee1-4ec01d11c89a_1076245183.jpeg?h=225&w=225,Food Cupboard,"Dried Fruit, Nuts, Nutrient Powders & Seeds"
284458968,Linwoods Milled Organic Flaxseed 425G,£6.30,£14.82/kg,£5.50 Clubcard Price,(£12.94/kg),True,Offer valid for delivery from 16/04/2025 until 13/05/2025,False,,3,False,https://www.tesco.com/groceries/en-GB/products/284458968,https://digitalcontent.api.tesco.com/v2/media/ghs/072968f5-4659-4c16-8931-ea726e2387f4/167d4a17-2cec-4121-b51f-a3906db82ffa_530434726.jpeg?h=225&w=225,Food Cupboard,"Dried Fruit, Nuts, Nutrient Powders & Seeds"
306503513,Grenade Carb Killa Protein Bar - Chocolate Chip Salted Caramel 60g,£2.90,£4.83/100g,,,False,,False,,,False,https://www.tesco.com/groceries/en-GB/products/306503513,https://digitalcontent.api.tesco.com/v2/media/ghs/8e024335-799b-452f-be34-8c15c002a119/9c5f39ec-9773-4a54-b9e8-1563cc0c4dd9_1635235734.jpeg?h=225&w=225,Food Cupboard,"Dried Fruit, Nuts, Nutrient Powders & Seeds"
256514378,Tesco Walnut Halves 250G,£3.60,£14.40/kg,,,False,,False,3.9,30,False,https://www.tesco.com/groceries/en-GB/products/256514378,https://digitalcontent.api.tesco.com/v2/media/ghs/7268490b-0c44-400b-a9fb-e898dcbe9164/8870cade-6c1f-4c84-89a3-29488d77f0dc_967724046.jpeg?h=225&w=225,Food Cupboard,"Dried Fruit, Nuts, Nutrient Powders & Seeds"
276377586,Tesco Peanuts And Raisins 300G,£2.50,£8.33/kg,,,False,,False,4.6,18,False,https://www.tesco.com/groceries/en-GB/products/276377586,https://digitalcontent.api.tesco.com/v2/media/ghs/1a1dc207-4c61-47eb-a79d-68a8fdf2404e/3c6f0b7e-118e-4cfa-9ad3-76f0da80ee18_674268408.jpeg?h=225&w=225,Food Cupboard,"Dried Fruit, Nuts, Nutrient Powders & Seeds"
253024285,Tesco Figs 250G,£2.95,£11.80/kg,,,False,,False,4.5,33,False,https://www.tesco.com/groceries/en-GB/products/253024285,https://digitalcontent.api.tesco.com/v2/media/ghs/79e5c455-de44-40dc-a9db-fff52d9c6b24/cc46110c-de2f-4578-b96f-1c2dc0073e09_338938216.jpeg?h=225&w=225,Food Cupboard,"Dried Fruit, Nuts, Nutrient Powders & Seeds"
271666972,Tesco Wholefood Pistachio Nuts In Shell 250G,£3.60,£14.40/kg,,,False,,False,3.9,17,False,https://www.tesco.com/groceries/en-GB/products/271666972,https://digitalcontent.api.tesco.com/v2/media/ghs/9f1409fb-274d-4629-a7ab-a23fb2f9696d/d96d89c0-ae06-4364-be38-3ba15c96328f_1636041893.jpeg?h=225&w=225,Food Cupboard,"Dried Fruit, Nuts, Nutrient Powders & Seeds"
293425061,Bear Yoyo Mango 9Pack 180G,£4.65,£2.58/100g,,,False,,False,4.7,992,False,https://www.tesco.com/groceries/en-GB/products/293425061,https://digitalcontent.api.tesco.com/v2/media/ghs/5842f39a-08fd-49d0-97e6-d3b1c39e5782/05a58268-eae0-4293-bf14-caf3dc9c9d46_2046156539.jpeg?h=225&w=225,Food Cupboard,"Dried Fruit, Nuts, Nutrient Powders & Seeds"
293425049,Bear Blackcurrant Fruit Rolls YoYos 9 x 20g,£4.65,£2.58/100g,,,False,,False,4.4,11,False,https://www.tesco.com/groceries/en-GB/products/293425049,https://digitalcontent.api.tesco.com/v2/media/ghs/67211758-6f5e-4ef8-b0c5-fd87418c85b4/46c0d005-83d2-4fab-a94a-da0166085db6_1007627298.jpeg?h=225&w=225,Food Cupboard,"Dried Fruit, Nuts, Nutrient Powders & Seeds"
260259682,Tesco Sesame Seeds 300G,£2.50,£8.33/kg,,,False,,False,4.8,17,False,https://www.tesco.com/groceries/en-GB/products/260259682,https://digitalcontent.api.tesco.com/v2/media/ghs/7ba35033-61ec-447c-b26c-a91f1b2c2f99/7ec619d1-8b39-41a2-ad11-817ad655e813_1775882240.jpeg?h=225&w=225,Food Cupboard,"Dried Fruit, Nuts, Nutrient Powders & Seeds"
276416276,Tesco Jumbo Peanuts 300G,£2.25,£7.50/kg,,,False,,False,4.1,21,False,https://www.tesco.com/groceries/en-GB/products/276416276,https://digitalcontent.api.tesco.com/v2/media/ghs/7b95aa4b-cf2f-45da-8726-b316d856d13a/8bb0366f-d584-46b0-a261-2d548aeb3760_666339773.jpeg?h=225&w=225,Food Cupboard,"Dried Fruit, Nuts, Nutrient Powders & Seeds"
260942646,Tesco Organic Fairtrade Cashew Nuts 150g,£3.30,£22.00/kg,,,False,,False,4.5,12,False,https://www.tesco.com/groceries/en-GB/products/260942646,https://digitalcontent.api.tesco.com/v2/media/ghs/2e128769-48b2-4693-8291-ecbf25f3c272/dda38671-0c03-4ada-9ae5-84384b1a83ab.jpeg?h=225&w=225,Food Cupboard,"Dried Fruit, Nuts, Nutrient Powders & Seeds"
302173799,Forest Feast Preda Fair-Trade Dried Mango 100G,£3.90,£3.90/100g,,,False,,False,4.1,7,False,https://www.tesco.com/groceries/en-GB/products/302173799,https://digitalcontent.api.tesco.com/v2/media/ghs/163f53f8-9e28-4558-8baa-c3036678b53e/474914af-d5a5-4ee4-9e3e-6c8414148562_198843178.jpeg?h=225&w=225,Food Cupboard,"Dried Fruit, Nuts, Nutrient Powders & Seeds"
254915370,Tesco Seedless Raisins 1Kg,£3.60,£3.60/kg,,,False,,False,,29,False,https://www.tesco.com/groceries/en-GB/products/254915370,https://digitalcontent.api.tesco.com/v2/media/ghs/33223545-adfe-4e16-b5f1-10d8f9c7c98b/42fa91d4-ff5f-40d1-b57c-86904dce33de_90250177.jpeg?h=225&w=225,Food Cupboard,"Dried Fruit, Nuts, Nutrient Powders & Seeds"
295684372,Bear Yoyo Sours Strawberry & Apple 5X20g,£3.00,£3.00/100g,£2.00 Save 1/3 Clubcard Price,(£2.00/100g),True,Offer valid for delivery from 16/04/2025 until 13/05/2025,False,4.2,6,False,https://www.tesco.com/groceries/en-GB/products/295684372,https://digitalcontent.api.tesco.com/v2/media/ghs/6a37aac7-85b1-4cbc-86b8-cc13d1c0e567/ddc6fb1a-0a73-426c-97fe-7c7fb7229ae5_931696776.jpeg?h=225&w=225,Food Cupboard,"Dried Fruit, Nuts, Nutrient Powders & Seeds"
258580504,Tesco Organic Mixed Nuts 200G,£3.30,£16.50/kg,,,False,,False,3.4,14,False,https://www.tesco.com/groceries/en-GB/products/258580504,https://digitalcontent.api.tesco.com/v2/media/ghs/920821de-4520-4269-9bfc-8fbc574ab9d3/0d7338ff-e381-4aab-88d1-22d8b18623a4.jpeg?h=225&w=225,Food Cupboard,"Dried Fruit, Nuts, Nutrient Powders & Seeds"
309454393,Tesco Organic Brazil Nuts 100G,£2.50,£25.00/kg,,,False,,False,4.8,16,False,https://www.tesco.com/groceries/en-GB/products/309454393,https://digitalcontent.api.tesco.com/v2/media/ghs/54b689e0-402f-4590-8851-1e33ba1a2cd6/1e101a95-3e33-4baa-bbdd-d00e98bada8f_1351587097.jpeg?h=225&w=225,Food Cupboard,"Dried Fruit, Nuts, Nutrient Powders & Seeds"
301970979,Fruit Bowl Blackcurrant Peelers 5 x 16g,£2.75,£3.44/100g,£2.25 Clubcard Price,(£2.81/100g),True,Offer valid for delivery from 16/04/2025 until 13/05/2025,False,,3,False,https://www.tesco.com/groceries/en-GB/products/301970979,https://digitalcontent.api.tesco.com/v2/media/ghs/b34fa763-66a1-44aa-b41a-f106b139a9b0/b8b1baee-4574-4236-843f-a71cc9fc3895_2098434105.jpeg?h=225&w=225,Food Cupboard,"Dried Fruit, Nuts, Nutrient Powders & Seeds"
306927708,Bear Giant Yoyo - Apple & Blackcurrant 5 x 20g,£3.00,£3.00/100g,£2.00 Save 1/3 Clubcard Price,(£2.00/100g),True,Offer valid for delivery from 16/04/2025 until 13/05/2025,False,,3,False,https://www.tesco.com/groceries/en-GB/products/306927708,https://digitalcontent.api.tesco.com/v2/media/ghs/6c6d6319-8446-44f3-a629-b31f56f60c56/b647685c-e6e9-4f12-b602-fba1d3a03ee2_654831539.jpeg?h=225&w=225,Food Cupboard,"Dried Fruit, Nuts, Nutrient Powders & Seeds"
306945491,Bear Blackcurrant & Beetroot Bites 5 x 18g,£2.85,£3.17/100g,£2.15 Clubcard Price,(£2.39/100g),True,Offer valid for delivery from 16/04/2025 until 13/05/2025,False,,,False,https://www.tesco.com/groceries/en-GB/products/306945491,https://digitalcontent.api.tesco.com/v2/media/ghs/dd99bad5-1476-4a41-b693-af434b73d1b3/b2328fad-3e9a-4af1-b877-bf9f749d9b55_779401648.jpeg?h=225&w=225,Food Cupboard,"Dried Fruit, Nuts, Nutrient Powders & Seeds"
310677479,Graze Marmite Crunch Protein Sharing Bag Snack 100G,£2.50,£25.00/kg,,,False,,False,4.4,183,False,https://www.tesco.com/groceries/en-GB/products/310677479,https://digitalcontent.api.tesco.com/v2/media/ghs/3ab1f841-e9ae-427d-88d6-4db0de0a96b7/5288e5d7-167a-4aec-b830-2e189e14b378_786411459.jpeg?h=225&w=225,Food Cupboard,"Dried Fruit, Nuts, Nutrient Powders & Seeds"
297814101,Kp Chilli Peanuts 225G,£3.25,£14.44/kg,£2.75 Clubcard Price,(£12.22/kg),True,Offer valid for delivery from 26/03/2025 until 22/04/2025,False,4.5,40,False,https://www.tesco.com/groceries/en-GB/products/297814101,https://digitalcontent.api.tesco.com/v2/media/ghs/605b8af3-6780-449a-938e-22772c1ca966/a3faa629-b0e4-49fa-9690-914f47314082_927390887.jpeg?h=225&w=225,Food Cupboard,"Dried Fruit, Nuts, Nutrient Powders & Seeds"
299314442,Nakd Blueberry Muffin Raw Fruit & Nut Bar 4x35g,£3.00,£2.14/100g,£2.25 Save 25% Clubcard Price,(£1.61/100g),True,Offer valid for delivery from 16/04/2025 until 25/05/2025,False,4.7,38,False,https://www.tesco.com/groceries/en-GB/products/299314442,https://digitalcontent.api.tesco.com/v2/media/ghs/a74de1a8-7768-4f4e-9ed8-56db4783e754/ec0e66d9-7c9e-417d-b648-d5756fff1fb4_1182810363.jpeg?h=225&w=225,Food Cupboard,"Dried Fruit, Nuts, Nutrient Powders & Seeds"
278339174,"Nakd Cocoa Delight Bars - Fruit, Peanut 4 Pack 140g",£3.00,£2.14/100g,£2.25 Save 25% Clubcard Price,(£1.61/100g),True,Offer valid for delivery from 16/04/2025 until 25/05/2025,False,,6,False,https://www.tesco.com/groceries/en-GB/products/278339174,https://digitalcontent.api.tesco.com/v2/media/ghs/d6c2f437-7d79-451b-8242-494fa295c6b9/8ad71774-7fc4-4822-b6ca-4279665bef4c_2040754623.jpeg?h=225&w=225,Food Cupboard,"Dried Fruit, Nuts, Nutrient Powders & Seeds"
291513167,Nakd Bakewell Tart Fruit & Nut Bars 4 Pack 140g,£3.00,£2.14/100g,£2.25 Save 25% Clubcard Price,(£1.61/100g),True,Offer valid for delivery from 16/04/2025 until 25/05/2025,False,4.6,8,False,https://www.tesco.com/groceries/en-GB/products/291513167,https://digitalcontent.api.tesco.com/v2/media/ghs/58e39380-0420-48c3-8383-ccb7ddf95242/7dd2dc86-6569-4080-8f39-da4cf5c8d3f3_2047535886.jpeg?h=225&w=225,Food Cupboard,"Dried Fruit, Nuts, Nutrient Powders & Seeds"
266375275,Tesco Pecan Nuts 100G,£2.40,£24.00/kg,,,False,,False,4.6,25,False,https://www.tesco.com/groceries/en-GB/products/266375275,https://digitalcontent.api.tesco.com/v2/media/ghs/2a10a536-965d-4414-9330-707091c93779/222a3541-f6d0-4b2b-8863-a5cbbae9d381.jpeg?h=225&w=225,Food Cupboard,"Dried Fruit, Nuts, Nutrient Powders & Seeds"
297754534,Gogo Squeez Fruit Snack Apple Mango 4X90g,£2.55,£0.71/100g,£1.75 Clubcard Price,(£0.49/100g),True,Offer valid for delivery from 16/04/2025 until 13/05/2025,False,4.7,44,False,https://www.tesco.com/groceries/en-GB/products/297754534,https://digitalcontent.api.tesco.com/v2/media/ghs/f1b5da58-6538-4141-a0ed-7a496a0e59bd/a4feafbe-efcb-429a-8bfc-0392aad33f51_798399251.jpeg?h=225&w=225,Food Cupboard,"Dried Fruit, Nuts, Nutrient Powders & Seeds"
276377684,Tesco Golden Flaxseeds 250G,£1.55,£6.20/kg,,,False,,False,4.7,29,False,https://www.tesco.com/groceries/en-GB/products/276377684,https://digitalcontent.api.tesco.com/v2/media/ghs/29df1507-028f-4543-87e6-14079ac1a7ab/5b163a14-f7b9-403e-b807-8bea41a54873_129493540.jpeg?h=225&w=225,Food Cupboard,"Dried Fruit, Nuts, Nutrient Powders & Seeds"
308451115,KIND Protein Crunchy Peanut Butter Snack bars 3x42g,£3.00,£2.38/100g,£2.50 Clubcard Price,(£1.98/100g),True,Offer valid for delivery from 26/03/2025 until 22/04/2025,False,4.6,7,False,https://www.tesco.com/groceries/en-GB/products/308451115,https://digitalcontent.api.tesco.com/v2/media/ghs/2c48abb3-174d-4c78-82ce-ed5565a22ff6/f79f6104-c523-4866-a422-940f88a4773d_554032560.jpeg?h=225&w=225,Food Cupboard,"Dried Fruit, Nuts, Nutrient Powders & Seeds"
301576635,Tesco Strawberry & Banana Bars 5 x 30g,£2.15,£1.43/100g,,,False,,False,,20,False,https://www.tesco.com/groceries/en-GB/products/301576635,https://digitalcontent.api.tesco.com/v2/media/ghs/969e72d1-5c3d-4509-862b-82c1fe93d7c7/276b25a1-9150-46d2-baee-8c683a2c1178_607866009.jpeg?h=225&w=225,Food Cupboard,"Dried Fruit, Nuts, Nutrient Powders & Seeds"
309461113,Tesco Organic Walnut Halves 100G,£2.50,£25.00/kg,,,False,,False,4.2,19,False,https://www.tesco.com/groceries/en-GB/products/309461113,https://digitalcontent.api.tesco.com/v2/media/ghs/ba80df54-8b28-450b-910e-e9cf199579fd/8d37d753-a90e-440c-8a8f-a9d839105625_474695202.jpeg?h=225&w=225,Food Cupboard,"Dried Fruit, Nuts, Nutrient Powders & Seeds"
290594532,Tesco Flax Seeds 150G,£1.80,£12.00/kg,,,False,,False,4.5,12,False,https://www.tesco.com/groceries/en-GB/products/290594532,https://digitalcontent.api.tesco.com/v2/media/ghs/ca307c20-079f-44fb-be0e-d59131665b28/9a111f7f-56bb-40be-a845-a59477c7248c_1746842150.jpeg?h=225&w=225,Food Cupboard,"Dried Fruit, Nuts, Nutrient Powders & Seeds"
271090212,Tesco Poppy Seeds 100G,£1.20,£12.00/kg,,,False,,False,4.6,14,False,https://www.tesco.com/groceries/en-GB/products/271090212,https://digitalcontent.api.tesco.com/v2/media/ghs/e1aa41f8-e6c6-4078-b997-ed79d16c35f6/2e249f6c-e773-4c04-a8a0-96cb5c483936_1807426210.jpeg?h=225&w=225,Food Cupboard,"Dried Fruit, Nuts, Nutrient Powders & Seeds"
266374921,Tesco Hazelnuts 200G,£2.35,£11.75/kg,,,False,,False,3.9,7,False,https://www.tesco.com/groceries/en-GB/products/266374921,https://digitalcontent.api.tesco.com/v2/media/ghs/d76b3344-67f3-4826-8e23-3b8dc820d64a/5f939817-10de-48f5-906d-8c686eda7db8.jpeg?h=225&w=225,Food Cupboard,"Dried Fruit, Nuts, Nutrient Powders & Seeds"
301087183,Love Corn Sea Salt 115G,£2.20,£1.91/100g,£1.65 Save 25% Clubcard Price,(£1.43/100g),True,Offer valid for delivery from 26/03/2025 until 22/04/2025,False,4.9,45,False,https://www.tesco.com/groceries/en-GB/products/301087183,https://digitalcontent.api.tesco.com/v2/media/ghs/35bd014e-63d6-4601-90ee-8ed06d9f1e8e/ba8975ae-cb84-49ca-94f8-6252f1b1efc7_845703668.jpeg?h=225&w=225,Food Cupboard,"Dried Fruit, Nuts, Nutrient Powders & Seeds"
309488940,Tesco 5 Banana Bites With A Yogurt Coating 125G,£1.90,£1.52/100g,,,False,,False,,22,False,https://www.tesco.com/groceries/en-GB/products/309488940,https://digitalcontent.api.tesco.com/v2/media/ghs/c43212ea-e0e0-41cb-9563-9d3eb7d26cb8/d62ce213-a323-4e51-9626-1f26191a7084_857479985.jpeg?h=225&w=225,Food Cupboard,"Dried Fruit, Nuts, Nutrient Powders & Seeds"
308109009,KIND Dark Chocolate Nuts & Sea Salt Cereal Bars 3x30g,£3.00,£3.33/100g,£2.00 Save 1/3 Clubcard Price,(£2.22/100g),True,Offer valid for delivery from 26/03/2025 until 22/04/2025,False,4.6,33,False,https://www.tesco.com/groceries/en-GB/products/308109009,https://digitalcontent.api.tesco.com/v2/media/ghs/a58bc2fd-1164-4976-bd30-c79d0d5cd258/bca70c57-8048-410d-8d34-c194b990020a_174104073.jpeg?h=225&w=225,Food Cupboard,"Dried Fruit, Nuts, Nutrient Powders & Seeds"
309470252,Tesco Chia Seeds 100G,£0.85,£8.50/kg,,,False,,False,4.5,15,False,https://www.tesco.com/groceries/en-GB/products/309470252,https://digitalcontent.api.tesco.com/v2/media/ghs/b9711fcd-8739-44fc-9080-baaac96cfa7a/970ff25b-d7bd-4de6-9e69-f0f0b5a1bfc4_1776083905.jpeg?h=225&w=225,Food Cupboard,"Dried Fruit, Nuts, Nutrient Powders & Seeds"
299497719,Tesco Mixed Berries 25G,£0.70,£28.00/kg,Any 3 for 2 Clubcard Price - Cheapest Product Free - Selected Tesco Dried Fruit Or Nuts,,True,Offer valid for delivery from 03/09/2022 until 31/12/2040,False,4.1,10,False,https://www.tesco.com/groceries/en-GB/products/299497719,https://digitalcontent.api.tesco.com/v2/media/ghs/fb45dfee-9bab-4c41-9898-7bc8b8805b6c/8e453cbc-c873-4908-8b3c-a3c3c0129f89_1726062845.jpeg?h=225&w=225,Food Cupboard,"Dried Fruit, Nuts, Nutrient Powders & Seeds"
301555960,Grower's Harvest Island Mix 300G,£1.55,£5.17/kg,,,False,,False,3.9,37,False,https://www.tesco.com/groceries/en-GB/products/301555960,https://digitalcontent.api.tesco.com/v2/media/ghs/b318f530-af40-4821-932b-86310fb4df1a/839b483c-44f4-4034-9ecc-263804c4f18c_1251736977.jpeg?h=225&w=225,Food Cupboard,"Dried Fruit, Nuts, Nutrient Powders & Seeds"
299497656,Tesco Almonds 25G,£0.70,£28.00/kg,Any 3 for 2 Clubcard Price - Cheapest Product Free - Selected Tesco Dried Fruit Or Nuts,,True,Offer valid for delivery from 03/09/2022 until 31/12/2040,False,4.3,10,False,https://www.tesco.com/groceries/en-GB/products/299497656,https://digitalcontent.api.tesco.com/v2/media/ghs/1ab84c88-7f3c-44d7-b86d-dd5719ef1f2a/ebea79df-7d30-4c41-bc0d-ec52e7777f14.jpeg?h=225&w=225,Food Cupboard,"Dried Fruit, Nuts, Nutrient Powders & Seeds"
302677376,Tesco Fruit & Nut Snack Pot 55G,£1.15,£20.91/kg,Any 3 for 2 Clubcard Price - Cheapest Product Free - Selected Tesco Dried Fruit Or Nuts,,True,Offer valid for delivery from 03/09/2022 until 31/12/2040,False,4.7,22,False,https://www.tesco.com/groceries/en-GB/products/302677376,https://digitalcontent.api.tesco.com/v2/media/ghs/f2944373-e378-464c-9b89-540869dfacdc/eca775a1-d1a9-4407-8e78-d6b754df0a06.jpeg?h=225&w=225,Food Cupboard,"Dried Fruit, Nuts, Nutrient Powders & Seeds"
283112187,Tesco Chocolate Fruit & Nut Mix Snack Pack 60G,£1.15,£19.17/kg,Any 3 for 2 Clubcard Price - Cheapest Product Free - Selected Tesco Dried Fruit Or Nuts,,True,Offer valid for delivery from 03/09/2022 until 31/12/2040,False,4.8,56,False,https://www.tesco.com/groceries/en-GB/products/283112187,https://digitalcontent.api.tesco.com/v2/media/ghs/4267960b-c7ce-412a-bd0c-2a078f1ee941/1ad0c924-cc47-4009-98da-ead25f13ba85.jpeg?h=225&w=225,Food Cupboard,"Dried Fruit, Nuts, Nutrient Powders & Seeds"
276090826,Wholefoods Goji Berry 200G,£4.25,£21.25/kg,,,False,,False,4.5,20,False,https://www.tesco.com/groceries/en-GB/products/276090826,https://digitalcontent.api.tesco.com/v2/media/ghs/c460ef61-8b1f-4c5b-a981-42e19572ea46/6600218c-e6be-4d24-bb3e-3399444c42b0_456813463.jpeg?h=225&w=225,Food Cupboard,"Dried Fruit, Nuts, Nutrient Powders & Seeds"
284459086,"Linwoods Milled Flax, Nuts & Q10 360G",£6.20,£17.22/kg,,,False,,False,4.8,4,False,https://www.tesco.com/groceries/en-GB/products/284459086,https://digitalcontent.api.tesco.com/v2/media/ghs/11ba6a05-d53f-4a65-85e4-2fb6719266aa/26b38e37-59f3-404c-b2dd-5dc888dbc103_1031893504.jpeg?h=225&w=225,Food Cupboard,"Dried Fruit, Nuts, Nutrient Powders & Seeds"
271074330,Tesco Almonds 250G,£3.35,£13.40/kg,,,False,,False,4.3,44,False,https://www.tesco.com/groceries/en-GB/products/271074330,https://digitalcontent.api.tesco.com/v2/media/ghs/d307d0c0-c0cf-43aa-bbd1-b20a71ecd21d/eefec50b-50be-405a-94ff-070cad6570a2_165255216.jpeg?h=225&w=225,Food Cupboard,"Dried Fruit, Nuts, Nutrient Powders & Seeds"
311792248,Tesco Chia Seeds 500G,£3.90,£7.80/kg,,,False,,False,4.8,22,False,https://www.tesco.com/groceries/en-GB/products/311792248,https://digitalcontent.api.tesco.com/v2/media/ghs/5dedcdda-1944-4d2b-8124-d071e7ae50f4/b7ebdc4c-64e6-4f3a-8357-f4f992f6ab51_548783498.jpeg?h=225&w=225,Food Cupboard,"Dried Fruit, Nuts, Nutrient Powders & Seeds"
301554650,Tesco Toasted 3 Seed Mix 300G,£3.35,£11.17/kg,,,False,,False,4.5,23,False,https://www.tesco.com/groceries/en-GB/products/301554650,https://digitalcontent.api.tesco.com/v2/media/ghs/5885500d-bda3-4539-b9f1-2940069ba511/b1c28248-ebad-4c3c-b045-49b5b69a2d44_558843290.jpeg?h=225&w=225,Food Cupboard,"Dried Fruit, Nuts, Nutrient Powders & Seeds"
302676982,Tesco Finest Fruit & Nut 190G,£3.70,£19.47/kg,,,False,,False,4.6,32,False,https://www.tesco.com/groceries/en-GB/products/302676982,https://digitalcontent.api.tesco.com/v2/media/ghs/95265147-7b4f-41fc-b5ee-eb2c3dc40754/db976ffa-4cb3-4054-97c4-237afdc58188_1511866288.jpeg?h=225&w=225,Food Cupboard,"Dried Fruit, Nuts, Nutrient Powders & Seeds"
309449250,Tesco Organic Cranberries 100G,£2.80,£28.00/kg,,,False,,False,,12,False,https://www.tesco.com/groceries/en-GB/products/309449250,https://digitalcontent.api.tesco.com/v2/media/ghs/ef4de6ce-7ac2-437b-94b2-93ee69dbac02/886137cb-aac6-4a78-94bf-07eac936f561_1572450300.jpeg?h=225&w=225,Food Cupboard,"Dried Fruit, Nuts, Nutrient Powders & Seeds"
301554615,Tesco Fruits & Seeds Mix 300g,£3.35,£11.17/kg,,,False,,False,4.8,23,False,https://www.tesco.com/groceries/en-GB/products/301554615,https://digitalcontent.api.tesco.com/v2/media/ghs/6a82ad15-6b4d-4c4b-b79a-2345cf6730c2/756451f6-fe2f-4cd2-aec6-55a9e437d7a2_1418079052.jpeg?h=225&w=225,Food Cupboard,"Dried Fruit, Nuts, Nutrient Powders & Seeds"
261834005,Tesco Organic Walnuts 100G,£3.00,£30.00/kg,,,False,,False,3.6,9,False,https://www.tesco.com/groceries/en-GB/products/261834005,https://digitalcontent.api.tesco.com/v2/media/ghs/e78bfaf6-a0fd-4383-a7f0-9bdbbda2a76a/be1227ef-4e68-4dfa-ae28-7bde09ec0c45_785497794.jpeg?h=225&w=225,Food Cupboard,"Dried Fruit, Nuts, Nutrient Powders & Seeds"
312352287,Tesco Chewy Dried Banana 200G,£4.20,£21.00/kg,,,False,,False,3.5,4,False,https://www.tesco.com/groceries/en-GB/products/312352287,https://digitalcontent.api.tesco.com/v2/media/ghs/f45ff803-22e7-4198-bffd-df52df6e1dd2/675f8ee6-3f2a-4e20-bf8d-e16df89e35cd_726425436.jpeg?h=225&w=225,Food Cupboard,"Dried Fruit, Nuts, Nutrient Powders & Seeds"
309456108,Tesco Organic Dried Mango 100G,£2.80,£28.00/kg,,,False,,False,,10,False,https://www.tesco.com/groceries/en-GB/products/309456108,https://digitalcontent.api.tesco.com/v2/media/ghs/9d7169da-b9be-49da-82ac-d32ca101bcf7/434fc7ae-3479-44db-a391-86f3f453e067_1132364429.jpeg?h=225&w=225,Food Cupboard,"Dried Fruit, Nuts, Nutrient Powders & Seeds"
309490153,Tesco Organic Raisins 375G,£2.80,£7.47/kg,,,False,,False,3.8,12,False,https://www.tesco.com/groceries/en-GB/products/309490153,https://digitalcontent.api.tesco.com/v2/media/ghs/20b2fcf0-6d09-496c-a99f-5ea8badfdab1/51b8b723-1bdb-4942-b1b3-456198a039f2_1968910653.jpeg?h=225&w=225,Food Cupboard,"Dried Fruit, Nuts, Nutrient Powders & Seeds"
306943907,Whitworths Californian Raisins 400G,£3.45,£8.62/kg,,,False,,False,3.4,25,False,https://www.tesco.com/groceries/en-GB/products/306943907,https://digitalcontent.api.tesco.com/v2/media/ghs/bd92ec71-e7d2-4d09-9f9d-82b8a9eb636c/e7afcd4f-7194-478c-92b3-91126348b04d_1921264511.jpeg?h=225&w=225,Food Cupboard,"Dried Fruit, Nuts, Nutrient Powders & Seeds"
256513788,Tesco Brazil Nuts 250G,£3.35,£13.40/kg,,,False,,False,4.7,21,False,https://www.tesco.com/groceries/en-GB/products/256513788,https://digitalcontent.api.tesco.com/v2/media/ghs/1fb145a7-6d9b-4129-8652-70f021422880/5bdc048c-c158-443d-bb08-e5c85a096b81_884640563.jpeg?h=225&w=225,Food Cupboard,"Dried Fruit, Nuts, Nutrient Powders & Seeds"
258701017,Tesco Fairtrade Organic Brazil Nuts 150g,£3.15,£21.00/kg,,,False,,False,4.9,17,False,https://www.tesco.com/groceries/en-GB/products/258701017,https://digitalcontent.api.tesco.com/v2/media/ghs/6ab6c627-997d-47d1-9643-088ae2d90d05/5887308f-2ff7-4612-a497-c3f6f330efa5.jpeg?h=225&w=225,Food Cupboard,"Dried Fruit, Nuts, Nutrient Powders & Seeds"
293710149,Grenade Carb Killa Protein Bar - White Chocolate Cookie 60g,£2.90,£4.83/100g,,,False,,False,,1,False,https://www.tesco.com/groceries/en-GB/products/293710149,https://digitalcontent.api.tesco.com/v2/media/ghs/839c9641-9e9c-4449-9c23-32ef9b994cb3/2a7e3af5-845a-4513-ac1a-f57672638fea_718006669.jpeg?h=225&w=225,Food Cupboard,"Dried Fruit, Nuts, Nutrient Powders & Seeds"
303183169,Grenade Carb Killa Protein Bar - White Chocolate Salted Peanut 60g,£2.90,£4.83/100g,,,False,,False,,1,False,https://www.tesco.com/groceries/en-GB/products/303183169,https://digitalcontent.api.tesco.com/v2/media/ghs/9fdaf232-6a50-45e4-9827-5be9286605bd/1c020d63-839a-416c-8d80-62a08620f160_1527698617.jpeg?h=225&w=225,Food Cupboard,"Dried Fruit, Nuts, Nutrient Powders & Seeds"
297813753,Grenade Carb Killa Protein Bar - Peanut Nutter 60g,£2.90,£4.83/100g,,,False,,False,,,False,https://www.tesco.com/groceries/en-GB/products/297813753,https://digitalcontent.api.tesco.com/v2/media/ghs/de0c7a8e-b820-4004-9d9a-70d448e4af08/e08b3a6a-4113-4f92-9f17-2869bbc121d6_1594146155.jpeg?h=225&w=225,Food Cupboard,"Dried Fruit, Nuts, Nutrient Powders & Seeds"
293710184,Grenade Carb Killa Protein Bar - Dark Chocolate Mint 60g,£2.90,£4.83/100g,,,False,,False,,2,False,https://www.tesco.com/groceries/en-GB/products/293710184,https://digitalcontent.api.tesco.com/v2/media/ghs/8a834e8d-f6ac-4cf0-99c4-ca8280226048/55fe1f31-b378-4560-aca4-2c20522c867d_1491509805.jpeg?h=225&w=225,Food Cupboard,"Dried Fruit, Nuts, Nutrient Powders & Seeds"
309474271,Grenade Protein Bar - Fudged Up Fudge 60g,£2.90,£4.83/100g,,,False,,False,,,False,https://www.tesco.com/groceries/en-GB/products/309474271,https://digitalcontent.api.tesco.com/v2/media/ghs/19f626b3-1759-41f7-89c9-cd2321dcf076/a7bf7538-4548-41e2-9b31-d02964bfcdd7_1541891120.jpeg?h=225&w=225,Food Cupboard,"Dried Fruit, Nuts, Nutrient Powders & Seeds"
290782102,Grenade Carb Killa Protein Bar - Caramel Chaos 60g,£2.90,£4.83/100g,,,False,,False,,1,False,https://www.tesco.com/groceries/en-GB/products/290782102,https://digitalcontent.api.tesco.com/v2/media/ghs/a9e93c54-229c-4461-917b-5d504c26029e/2eb07b77-b285-4c7d-8dc5-f3136f63380e_1797268140.jpeg?h=225&w=225,Food Cupboard,"Dried Fruit, Nuts, Nutrient Powders & Seeds"
297814003,Grenade Carb Killa Protein Bar - Jaffa Quake Chocolate Orange 60g,£2.90,£4.83/100g,,,False,,False,,1,False,https://www.tesco.com/groceries/en-GB/products/297814003,https://digitalcontent.api.tesco.com/v2/media/ghs/89bd2c1a-4454-45b8-9bfe-686b697d8066/ecfdaf90-0600-4565-8e5c-5cd519b232e7_1913599163.jpeg?h=225&w=225,Food Cupboard,"Dried Fruit, Nuts, Nutrient Powders & Seeds"
309477141,Tesco Organic Cashew Nuts 100G,£2.50,£25.00/kg,,,False,,False,4.6,11,False,https://www.tesco.com/groceries/en-GB/products/309477141,https://digitalcontent.api.tesco.com/v2/media/ghs/057f93e0-6285-457d-8011-b25b29f50155/fbdef740-4779-4cae-8b4a-6b3e9551871c_1115249324.jpeg?h=225&w=225,Food Cupboard,"Dried Fruit, Nuts, Nutrient Powders & Seeds"
304371671,Fruit Bowl Unicorn Fruit Flakes 5X18g,,,,,False,,False,,,False,https://www.tesco.com/groceries/en-GB/products/304371671,https://digitalcontent.api.tesco.com/v2/media/ghs/5deb7cfc-7c4d-43ce-ad8b-3a41a3923d5a/879c2be5-07cc-4312-a33c-2730ebcd8454_662321374.jpeg?h=225&w=225,Food Cupboard,"Dried Fruit, Nuts, Nutrient Powders & Seeds"
300534756,Tesco Mango & Banana Bars 5 X 30G,£2.15,£1.43/100g,,,False,,False,3.3,15,False,https://www.tesco.com/groceries/en-GB/products/300534756,https://digitalcontent.api.tesco.com/v2/media/ghs/e5c144ef-34b3-4826-a9f5-dc7242c9ea49/98d43d55-aa7a-4cb9-befd-d37b5de02b84_1840630089.jpeg?h=225&w=225,Food Cupboard,"Dried Fruit, Nuts, Nutrient Powders & Seeds"
309458187,Tesco Organic Flaked Almonds 100G,£2.50,£25.00/kg,,,False,,False,,7,False,https://www.tesco.com/groceries/en-GB/products/309458187,https://digitalcontent.api.tesco.com/v2/media/ghs/d35a58f4-f31b-4bec-bccb-2004241ed764/42e96685-b81d-475a-b5a5-4634e485684c_134603046.jpeg?h=225&w=225,Food Cupboard,"Dried Fruit, Nuts, Nutrient Powders & Seeds"
285964528,Nakd Fruit & Nut Bars - Cashew Cookie 4 Pack 140g,£3.00,£2.14/100g,£2.25 Save 25% Clubcard Price,(£1.61/100g),True,Offer valid for delivery from 16/04/2025 until 25/05/2025,False,,5,False,https://www.tesco.com/groceries/en-GB/products/285964528,https://digitalcontent.api.tesco.com/v2/media/ghs/bffe636b-8d91-4b95-a0c2-795bae6eda97/f75ac4a0-db21-4a00-8813-cdd24b5ee15e_968029224.jpeg?h=225&w=225,Food Cupboard,"Dried Fruit, Nuts, Nutrient Powders & Seeds"
262860352,Tesco Goji Berries 100G,£2.00,£20.00/kg,,,False,,False,4.6,15,False,https://www.tesco.com/groceries/en-GB/products/262860352,https://digitalcontent.api.tesco.com/v2/media/ghs/ee6ba7ae-ca14-4dc3-aabc-a9f4ee0f5fce/c1c8055f-f0a3-45bd-9c9f-8200deac3881.jpeg?h=225&w=225,Food Cupboard,"Dried Fruit, Nuts, Nutrient Powders & Seeds"
291559003,TREK Protein Flapjacks - Original Oat 3 Pack 150g,£3.60,£2.40/100g,,,False,,False,,2,False,https://www.tesco.com/groceries/en-GB/products/291559003,https://digitalcontent.api.tesco.com/v2/media/ghs/82a722e4-2f8f-4035-9e7a-9e79cab84119/4367f253-4004-4326-84b7-0608bb063353_1630257753.jpeg?h=225&w=225,Food Cupboard,"Dried Fruit, Nuts, Nutrient Powders & Seeds"
266356851,Tesco Organic Almonds 200 G,£3.30,£16.50/kg,,,False,,False,2.4,25,False,https://www.tesco.com/groceries/en-GB/products/266356851,https://digitalcontent.api.tesco.com/v2/media/ghs/8c91a2f9-ffc2-4d45-ad7f-a05093f97019/f8b30aba-4866-4609-b8d1-921af26d27d8_1690156693.jpeg?h=225&w=225,Food Cupboard,"Dried Fruit, Nuts, Nutrient Powders & Seeds"
302685493,Tesco Mixed Raisins 200g,£2.25,£11.25/kg,,,False,,False,4.5,20,False,https://www.tesco.com/groceries/en-GB/products/302685493,https://digitalcontent.api.tesco.com/v2/media/ghs/1826af42-d7b5-47d5-9024-52828fe4c494/df44e038-f826-49ae-b573-d1b917422a0d.jpeg?h=225&w=225,Food Cupboard,"Dried Fruit, Nuts, Nutrient Powders & Seeds"
275712111,Whitworths Crystalised Ginger 175G,£2.35,£13.43/kg,Any 2 for £3.20 Clubcard Price - Selected Whitworths Classics Multibuy 130g-350g,,True,Offer valid for delivery from 01/01/2025 until 01/09/2025,False,4.2,9,False,https://www.tesco.com/groceries/en-GB/products/275712111,https://digitalcontent.api.tesco.com/v2/media/ghs/69907445-b635-4894-90aa-71f9f01a217b/b44de2b9-1dbb-40b2-887f-03034592e023_1259520294.jpeg?h=225&w=225,Food Cupboard,"Dried Fruit, Nuts, Nutrient Powders & Seeds"
297348629,Tesco Roasted Pistachios Without Shells - Salted 100g,£3.00,£30.00/kg,,,False,,False,4.9,19,False,https://www.tesco.com/groceries/en-GB/products/297348629,https://digitalcontent.api.tesco.com/v2/media/ghs/35f016cc-81d1-4545-a50f-41d33564a366/de658bd1-b829-48c8-aaf5-da0014f0724e_341886678.jpeg?h=225&w=225,Food Cupboard,"Dried Fruit, Nuts, Nutrient Powders & Seeds"
302716227,Tesco Cashew & Raisins 200G,,,,,False,,False,4.7,16,False,https://www.tesco.com/groceries/en-GB/products/302716227,https://digitalcontent.api.tesco.com/v2/media/ghs/ee04f096-15c5-4c55-af6c-04d98f7b5ddc/2aa99a7c-bddd-4707-92bc-3263a723faab.jpeg?h=225&w=225,Food Cupboard,"Dried Fruit, Nuts, Nutrient Powders & Seeds"
271072378,Tesco Cashews & Raisins 200g,£1.65,£8.25/kg,,,False,,False,4.9,18,False,https://www.tesco.com/groceries/en-GB/products/271072378,https://digitalcontent.api.tesco.com/v2/media/ghs/896a3656-1689-493b-b07c-e725c935582d/3db447a6-4828-4ddf-980a-e4cce68ae88e_2100120699.jpeg?h=225&w=225,Food Cupboard,"Dried Fruit, Nuts, Nutrient Powders & Seeds"
301087160,Love Corn Smoked Bbq 115G,£2.20,£1.91/100g,£1.65 Save 25% Clubcard Price,(£1.43/100g),True,Offer valid for delivery from 26/03/2025 until 22/04/2025,False,4.7,55,False,https://www.tesco.com/groceries/en-GB/products/301087160,https://digitalcontent.api.tesco.com/v2/media/ghs/ce127b12-ac8a-4585-bf35-bed55bc2f70b/e54ea098-20b8-4da8-81d5-4a4f64bddca7_893978785.jpeg?h=225&w=225,Food Cupboard,"Dried Fruit, Nuts, Nutrient Powders & Seeds"
310107124,Walkers Max Coated Peanuts Jalapeño & Cheese Sharing Bag 175g,£2.50,£14.29/kg,£1.50 Clubcard Price,(£8.57/kg),True,Offer valid for delivery from 26/03/2025 until 22/04/2025,False,3.7,9,False,https://www.tesco.com/groceries/en-GB/products/310107124,https://digitalcontent.api.tesco.com/v2/media/ghs/9bfe86cc-a3ee-465d-a4b8-0171d43dfa63/db42dace-950d-4c93-a57b-1f8db348bfc0_522341473.jpeg?h=225&w=225,Food Cupboard,"Dried Fruit, Nuts, Nutrient Powders & Seeds"
308103494,KIND Caramel Almond & Sea Salt cereal bars 3x30g,£3.00,£3.33/100g,£2.00 Save 1/3 Clubcard Price,(£2.22/100g),True,Offer valid for delivery from 26/03/2025 until 22/04/2025,False,4.7,23,False,https://www.tesco.com/groceries/en-GB/products/308103494,https://digitalcontent.api.tesco.com/v2/media/ghs/8a11f8ca-2bfb-4c3b-ae83-be52f7963e05/1e60d65e-154d-4b17-ab67-947e55a7f068_887738592.jpeg?h=225&w=225,Food Cupboard,"Dried Fruit, Nuts, Nutrient Powders & Seeds"
308485599,Fulfil Vitamin & Protein Bars - Mixed Pack 10 x 55g,£24.00,£4.36/100g,,,False,,False,,1,False,https://www.tesco.com/groceries/en-GB/products/308485599,https://digitalcontent.api.tesco.com/v2/media/ghs/49adee06-5a19-4bb9-b871-ed25da993a0c/20b923fb-5ed6-4c3c-8a5e-82739162d74b_1694889185.jpeg?h=225&w=225,Food Cupboard,"Dried Fruit, Nuts, Nutrient Powders & Seeds"
314430834,Naturya Menopause Support Mixed Berry Flavour 175g,£9.00,£51.43/kg,£7.20 Clubcard Price,(£41.14/kg),True,Offer valid for delivery from 16/04/2025 until 13/05/2025,False,,,False,https://www.tesco.com/groceries/en-GB/products/314430834,https://digitalcontent.api.tesco.com/v2/media/ghs/5453cb49-11d4-4881-bf42-f89708a463cf/881615dc-d96f-4ba3-89b2-690274070577_925821652.jpeg?h=225&w=225,Food Cupboard,"Dried Fruit, Nuts, Nutrient Powders & Seeds"
301956733,Naturya Fairtrade Organic Cacao Powder 250g,£7.00,£28.00/kg,£6.00 Clubcard Price,(£24.00/kg),True,Offer valid for delivery from 16/04/2025 until 13/05/2025,False,,,False,https://www.tesco.com/groceries/en-GB/products/301956733,https://digitalcontent.api.tesco.com/v2/media/ghs/03992ffc-36be-43a7-b9fa-8beb4de8ab6a/a063c60d-d77a-440c-adf7-4a50d8c9a40a_1832327370.jpeg?h=225&w=225,Food Cupboard,"Dried Fruit, Nuts, Nutrient Powders & Seeds"
302306275,Naturya Organic Turmeric Blend 250G,£8.00,£32.00/kg,£6.40 Clubcard Price,(£25.60/kg),True,Offer valid for delivery from 16/04/2025 until 13/05/2025,False,,1,False,https://www.tesco.com/groceries/en-GB/products/302306275,https://digitalcontent.api.tesco.com/v2/media/ghs/27f3aa08-8109-4fc5-be4e-60a0646cc8ac/5924d112-86ed-47dc-b075-e5290440753b_936313997.jpeg?h=225&w=225,Food Cupboard,"Dried Fruit, Nuts, Nutrient Powders & Seeds"
313850603,Naturya Collagen Support Vivid Vanilla 140g,£8.00,£57.14/kg,£6.40 Clubcard Price,(£45.71/kg),True,Offer valid for delivery from 16/04/2025 until 13/05/2025,False,,,False,https://www.tesco.com/groceries/en-GB/products/313850603,https://digitalcontent.api.tesco.com/v2/media/ghs/2474bfa8-8d84-4e21-9319-591545ae29ca/0750694b-d505-4e6b-b4b0-8545c65002fe_1798378273.jpeg?h=225&w=225,Food Cupboard,"Dried Fruit, Nuts, Nutrient Powders & Seeds"
301882508,Naturya Organic Maca Powder 125G,£5.25,£42.00/kg,£3.20 Clubcard Price,(£25.60/kg),True,Offer valid for delivery from 16/04/2025 until 13/05/2025,False,,,False,https://www.tesco.com/groceries/en-GB/products/301882508,https://digitalcontent.api.tesco.com/v2/media/ghs/77ffd8b8-b13c-4e69-ab7d-ed8f71d86d18/209e176a-e46d-4ae3-90f1-d1a60befc535_1400395483.jpeg?h=225&w=225,Food Cupboard,"Dried Fruit, Nuts, Nutrient Powders & Seeds"
308474013,Linwoods Organic Flax Sunflower Seeds Berries 425G,£6.40,£15.06/kg,,,False,,False,,6,False,https://www.tesco.com/groceries/en-GB/products/308474013,https://digitalcontent.api.tesco.com/v2/media/ghs/ac22774a-d5c6-4be7-92b5-827c4f9fca51/fa2a7588-1f50-4680-bccb-4d6015a5b12a_340861723.jpeg?h=225&w=225,Food Cupboard,"Dried Fruit, Nuts, Nutrient Powders & Seeds"
301956791,Naturya Organic Cacao Nibs 125G,£5.25,£42.00/kg,,,False,,False,,,False,https://www.tesco.com/groceries/en-GB/products/301956791,https://digitalcontent.api.tesco.com/v2/media/ghs/e1c1d604-0c97-4d97-8029-6c14c8fa21c7/41a6166e-433b-49d9-b0c4-0261d9263b30_584792085.jpeg?h=225&w=225,Food Cupboard,"Dried Fruit, Nuts, Nutrient Powders & Seeds"
300422825,Naturya Super Food Breakfast Seed Crunch 150G,£5.00,£33.33/kg,£4.00 Clubcard Price,(£26.67/kg),True,Offer valid for delivery from 16/04/2025 until 13/05/2025,False,,3,False,https://www.tesco.com/groceries/en-GB/products/300422825,https://digitalcontent.api.tesco.com/v2/media/ghs/eea743e4-00fc-4385-8b03-94c1c466faaa/c952578c-3b15-4ffa-b3ff-ab5cc267a8c8_438784279.jpeg?h=225&w=225,Food Cupboard,"Dried Fruit, Nuts, Nutrient Powders & Seeds"
300423064,Naturya Super Boost Breakfast Cacao 150G,£5.00,£33.33/kg,£4.00 Clubcard Price,(£26.67/kg),True,Offer valid for delivery from 16/04/2025 until 13/05/2025,False,,,False,https://www.tesco.com/groceries/en-GB/products/300423064,https://digitalcontent.api.tesco.com/v2/media/ghs/b1f6860a-a5cb-4239-b911-513f65223837/f01f2baa-ff02-4930-b6ae-cd520030c329_1126351227.jpeg?h=225&w=225,Food Cupboard,"Dried Fruit, Nuts, Nutrient Powders & Seeds"
300423041,Naturya Super Food Breakfast Berries 150G,£5.00,£33.33/kg,£4.00 Clubcard Price,(£26.67/kg),True,Offer valid for delivery from 16/04/2025 until 13/05/2025,False,,4,False,https://www.tesco.com/groceries/en-GB/products/300423041,https://digitalcontent.api.tesco.com/v2/media/ghs/c096adf9-dc10-4958-8124-3285127b6a8a/74459b28-f374-4360-a62f-279bae985438_108914008.jpeg?h=225&w=225,Food Cupboard,"Dried Fruit, Nuts, Nutrient Powders & Seeds"
301956819,Naturya Organic Spirulina Powder 100G,£5.00,£50.00/kg,£4.00 Clubcard Price,(£40.00/kg),True,Offer valid for delivery from 16/04/2025 until 13/05/2025,False,,,False,https://www.tesco.com/groceries/en-GB/products/301956819,https://digitalcontent.api.tesco.com/v2/media/ghs/9974d294-dc11-4c3c-8280-c01e7a7df792/18ade665-8305-490e-85ab-09f983873246_1300296793.jpeg?h=225&w=225,Food Cupboard,"Dried Fruit, Nuts, Nutrient Powders & Seeds"
314581188,Naturya Gut Feel Flaxseed Blend - Mixed Berry 240g,£4.80,£20.00/kg,£3.80 Clubcard Price,(£15.83/kg),True,Offer valid for delivery from 16/04/2025 until 13/05/2025,False,3.5,2,False,https://www.tesco.com/groceries/en-GB/products/314581188,https://digitalcontent.api.tesco.com/v2/media/ghs/9378c2fd-c4fb-4ee4-8557-dc4f1a1a6552/cf97d392-946c-48e2-b4df-68b4e32f9b79_2020982204.jpeg?h=225&w=225,Food Cupboard,"Dried Fruit, Nuts, Nutrient Powders & Seeds"
307145883,Linwoods Shelled Hemp 200G,£5.75,£28.75/kg,,,False,,False,,2,False,https://www.tesco.com/groceries/en-GB/products/307145883,https://digitalcontent.api.tesco.com/v2/media/ghs/010b0adf-8e59-4b30-ae1b-f331e2f580fd/de01a61d-d9b3-4b01-ae91-784fd0c430eb_1637692678.jpeg?h=225&w=225,Food Cupboard,"Dried Fruit, Nuts, Nutrient Powders & Seeds"
314590776,Naturya Organic Chia+ Chocolate 175g,£4.80,£27.43/kg,£3.80 Clubcard Price,(£21.71/kg),True,Offer valid for delivery from 16/04/2025 until 13/05/2025,False,,1,False,https://www.tesco.com/groceries/en-GB/products/314590776,https://digitalcontent.api.tesco.com/v2/media/ghs/7bc06870-2ab4-417a-bf9e-346d72e15178/c2fe628c-0e37-4e85-986a-badcaf721940_217649022.jpeg?h=225&w=225,Food Cupboard,"Dried Fruit, Nuts, Nutrient Powders & Seeds"
254915312,Tesco Currants 1Kg,£4.55,£4.55/kg,,,False,,False,4.6,38,False,https://www.tesco.com/groceries/en-GB/products/254915312,https://digitalcontent.api.tesco.com/v2/media/ghs/40e753e9-1875-461d-bc05-2594b6f83508/c6e93023-0de0-4b14-914d-39c0d5adb16f_358949018.jpeg?h=225&w=225,Food Cupboard,"Dried Fruit, Nuts, Nutrient Powders & Seeds"
309467084,Tesco Organic Mixed Nuts 250G,£4.75,£19.00/kg,,,False,,False,4.7,12,False,https://www.tesco.com/groceries/en-GB/products/309467084,https://digitalcontent.api.tesco.com/v2/media/ghs/1c620e95-08b4-4b26-bc11-f58820b68fa8/13c3c822-0654-413b-bb1b-5905a4cda881_334298550.jpeg?h=225&w=225,Food Cupboard,"Dried Fruit, Nuts, Nutrient Powders & Seeds"
307159262,Linwoods Organic Milled Hemp Flax & Chia Seeds 200G,£4.25,£21.25/kg,,,False,,False,,,False,https://www.tesco.com/groceries/en-GB/products/307159262,https://digitalcontent.api.tesco.com/v2/media/ghs/b4274dd0-8fe0-44b9-9a15-2d5a638e17ba/07f97ca8-29e9-423f-9665-c2b0700a37db_1872171357.jpeg?h=225&w=225,Food Cupboard,"Dried Fruit, Nuts, Nutrient Powders & Seeds"
301554638,"Tesco Fruits, Nuts & Seeds Mix 300g",£3.35,£11.17/kg,,,False,,False,3.5,20,False,https://www.tesco.com/groceries/en-GB/products/301554638,https://digitalcontent.api.tesco.com/v2/media/ghs/a6fa0f0d-2854-4771-bcc4-650929eb1fb5/43958677-2a72-4918-a017-f1f87870b74d_452327551.jpeg?h=225&w=225,Food Cupboard,"Dried Fruit, Nuts, Nutrient Powders & Seeds"
295870537,Linwoods Flax Seeds Biological Cultures & Vitamin D 200G,£4.40,£22.00/kg,,,False,,False,,,False,https://www.tesco.com/groceries/en-GB/products/295870537,https://digitalcontent.api.tesco.com/v2/media/ghs/4c51fd75-eac8-4904-aa09-6b0dea494cf9/e8aa76c2-b104-45f0-99de-5425f3505f74_280263197.jpeg?h=225&w=225,Food Cupboard,"Dried Fruit, Nuts, Nutrient Powders & Seeds"
297599216,Whitworths Blocked Stoned Dates 350G,£2.35,£6.71/kg,Any 2 for £3.20 Clubcard Price - Selected Whitworths Classics Multibuy 130g-350g,,True,Offer valid for delivery from 01/01/2025 until 01/09/2025,False,4.6,7,False,https://www.tesco.com/groceries/en-GB/products/297599216,https://digitalcontent.api.tesco.com/v2/media/ghs/7652ae56-11ae-4393-a261-624dbf43d882/7a5e6827-de63-4cb3-982e-aaf59b7089a9_690092928.jpeg?h=225&w=225,Food Cupboard,"Dried Fruit, Nuts, Nutrient Powders & Seeds"
309191386,Tesco Organic Sultanas 375G,£2.80,£7.47/kg,,,False,,False,4.7,12,False,https://www.tesco.com/groceries/en-GB/products/309191386,https://digitalcontent.api.tesco.com/v2/media/ghs/731a4969-b509-4bc4-ba1b-b788cf0aae2d/198ba670-ed44-4b61-b9ff-edc115bf6b7a_1639602746.jpeg?h=225&w=225,Food Cupboard,"Dried Fruit, Nuts, Nutrient Powders & Seeds"
305733737,Forest Feast Tropical Dried Pineapple 120G,£3.90,£3.25/100g,,,False,,False,3.7,3,False,https://www.tesco.com/groceries/en-GB/products/305733737,https://digitalcontent.api.tesco.com/v2/media/ghs/508b0ca8-0a78-40c0-bc59-9b2890fd4fd5/bce92c66-9d48-4990-9c7e-e1d88554a726_670115195.jpeg?h=225&w=225,Food Cupboard,"Dried Fruit, Nuts, Nutrient Powders & Seeds"
302081913,Grenade Carb Killa High Protein Bar - Birthday Cake 60g,£2.90,£4.83/100g,,,False,,False,,3,False,https://www.tesco.com/groceries/en-GB/products/302081913,https://digitalcontent.api.tesco.com/v2/media/ghs/2df5792e-d9a3-42c5-b0e6-2a8eb20695fd/3cdd7a52-2e69-4431-97de-b0adbbbbecef_1266926556.jpeg?h=225&w=225,Food Cupboard,"Dried Fruit, Nuts, Nutrient Powders & Seeds"
309180226,Tesco Organic Pumpkin Seeds 100G,£1.90,£19.00/kg,,,False,,False,4.7,13,False,https://www.tesco.com/groceries/en-GB/products/309180226,https://digitalcontent.api.tesco.com/v2/media/ghs/fc5c2329-2a21-4fa1-a9ef-6c631c41a5c4/262a2dd7-f2a2-435d-a5bd-015b42827003_780024272.jpeg?h=225&w=225,Food Cupboard,"Dried Fruit, Nuts, Nutrient Powders & Seeds"
262290526,Tesco Apple Slices 300G,£3.50,£11.67/kg,,,False,,False,3.9,17,False,https://www.tesco.com/groceries/en-GB/products/262290526,https://digitalcontent.api.tesco.com/v2/media/ghs/68014483-f4ac-4443-a4cf-7f3585f4fb29/6046061a-be91-4ec0-9156-9b52b49a5b3d_442751237.jpeg?h=225&w=225,Food Cupboard,"Dried Fruit, Nuts, Nutrient Powders & Seeds"
286783372,Whitworths Chopped Apricots 140G,£2.00,£14.29/kg,Any 2 for £3.20 Clubcard Price - Selected Whitworths Classics Multibuy 130g-350g,,True,Offer valid for delivery from 01/01/2025 until 01/09/2025,False,4.9,7,False,https://www.tesco.com/groceries/en-GB/products/286783372,https://digitalcontent.api.tesco.com/v2/media/ghs/75977080-ccfe-4970-863c-011709a47291/fd69b256-31e4-483b-81eb-00e3714ec19b_645884378.jpeg?h=225&w=225,Food Cupboard,"Dried Fruit, Nuts, Nutrient Powders & Seeds"
312699438,Whitworths Fusions Coconut Pineapple 80G,£2.30,£28.75/kg,Any 2 for £3.20 Clubcard Price - Selected Whitworths Classics Multibuy 130g-350g,,True,Offer valid for delivery from 01/01/2025 until 01/09/2025,False,,1,False,https://www.tesco.com/groceries/en-GB/products/312699438,https://digitalcontent.api.tesco.com/v2/media/ghs/5dece10e-6e27-43c7-b102-373aa6f43c65/80c8d7e0-ffe9-4c22-963d-fec8212572cd_424072109.jpeg?h=225&w=225,Food Cupboard,"Dried Fruit, Nuts, Nutrient Powders & Seeds"
312559501,Whitworths Fusions Watermelon Papaya 80G,£2.30,£28.75/kg,Any 2 for £3.20 Clubcard Price - Selected Whitworths Classics Multibuy 130g-350g,,True,Offer valid for delivery from 01/01/2025 until 01/09/2025,False,2.3,3,False,https://www.tesco.com/groceries/en-GB/products/312559501,https://digitalcontent.api.tesco.com/v2/media/ghs/b30354a6-8542-46d8-b16a-5e8356d0dfbb/2fa1906d-cfe3-4e64-ab85-87e104a8439f_263727443.jpeg?h=225&w=225,Food Cupboard,"Dried Fruit, Nuts, Nutrient Powders & Seeds"
312708216,Whitworths Fusions Strawberry Mango 75G,£2.30,£30.67/kg,Any 2 for £3.20 Clubcard Price - Selected Whitworths Classics Multibuy 130g-350g,,True,Offer valid for delivery from 01/01/2025 until 01/09/2025,False,,2,False,https://www.tesco.com/groceries/en-GB/products/312708216,https://digitalcontent.api.tesco.com/v2/media/ghs/26c0c0d3-ce29-4704-a488-79ce172f2ce8/b88fe278-e62b-437e-b96f-b1327f437696_1338179155.jpeg?h=225&w=225,Food Cupboard,"Dried Fruit, Nuts, Nutrient Powders & Seeds"
311685214,Tesco Nutty Bites Mocha Flavour 45G,£1.00,£22.22/kg,,,False,,False,,3,False,https://www.tesco.com/groceries/en-GB/products/311685214,https://digitalcontent.api.tesco.com/v2/media/ghs/c4178781-8af5-4a55-a760-0ab56aa92ad8/e97eafef-6af7-4229-82f5-4cb1257cbbf2_269622532.jpeg?h=225&w=225,Food Cupboard,"Dried Fruit, Nuts, Nutrient Powders & Seeds"
312352492,Tesco Protein Bites Almond & Raspberry 45G,£1.00,£22.22/kg,,,False,,False,,2,False,https://www.tesco.com/groceries/en-GB/products/312352492,https://digitalcontent.api.tesco.com/v2/media/ghs/7747d4be-7a2d-4866-9c19-39dd2634e4dc/1ba70452-21de-49bd-b0cb-8d09885750fa_1611842096.jpeg?h=225&w=225,Food Cupboard,"Dried Fruit, Nuts, Nutrient Powders & Seeds"
254915335,Tesco Dried Mixed Fruit 1Kg,£3.25,£3.25/kg,,,False,,False,4.7,51,False,https://www.tesco.com/groceries/en-GB/products/254915335,https://digitalcontent.api.tesco.com/v2/media/ghs/7a01b0b9-8af7-4ecf-b6f8-daf8cfe107ce/11eb347f-e59c-4a3b-9294-fc72ca161cf5_1336627992.jpeg?h=225&w=225,Food Cupboard,"Dried Fruit, Nuts, Nutrient Powders & Seeds"
302685781,Tesco Snack Pack Soft Apricots 50G,£1.15,£23.00/kg,Any 3 for 2 Clubcard Price - Cheapest Product Free - Selected Tesco Dried Fruit Or Nuts,,True,Offer valid for delivery from 03/09/2022 until 31/12/2040,False,3.9,8,False,https://www.tesco.com/groceries/en-GB/products/302685781,https://digitalcontent.api.tesco.com/v2/media/ghs/46d40184-fbfc-42cc-b31f-3542a2009531/bfc30c47-4975-44ba-a390-6db44b9591ce_732102071.jpeg?h=225&w=225,Food Cupboard,"Dried Fruit, Nuts, Nutrient Powders & Seeds"
315153567,Tesco Macadamia Nuts 100G,£3.25,£32.50/kg,,,False,,False,,1,False,https://www.tesco.com/groceries/en-GB/products/315153567,https://digitalcontent.api.tesco.com/v2/media/ghs/ae35dd21-edb4-4031-8705-db6b4587fcaa/6d1b0948-8c80-4724-bb80-55a307c6147c_1265335172.jpeg?h=225&w=225,Food Cupboard,"Dried Fruit, Nuts, Nutrient Powders & Seeds"
306937777,Crazy Jack Organic Organic Soft Ready To Eat Prunes 200G,£4.00,£20.00/kg,,,False,,False,,30,False,https://www.tesco.com/groceries/en-GB/products/306937777,https://digitalcontent.api.tesco.com/v2/media/ghs/9f288206-de31-44ce-a095-02340412ce82/83642d63-20b0-4d5d-a934-ed5e2881b05b_138921999.jpeg?h=225&w=225,Food Cupboard,"Dried Fruit, Nuts, Nutrient Powders & Seeds"
317865847,BEAR Fruit Dried Coconut Chips 4x18g,£2.95,£40.97/kg,,,False,,False,,,False,https://www.tesco.com/groceries/en-GB/products/317865847,https://digitalcontent.api.tesco.com/v2/media/ghs/f6074b7d-569b-4ec8-a387-87bb0e6293e5/9faf3be2-13b9-4520-b4bb-a7a435528eec_413241959.jpeg?h=225&w=225,Food Cupboard,"Dried Fruit, Nuts, Nutrient Powders & Seeds"
258483268,Forest Feast Berries & Cherries 170G,£3.50,£20.59/kg,,,False,,False,,,False,https://www.tesco.com/groceries/en-GB/products/258483268,https://digitalcontent.api.tesco.com/v2/media/ghs/68d9839a-b62c-4d11-ac93-f1ac75aa2b73/e6b5d1e2-9266-4e43-8bd9-107d6692a224_1540095885.jpeg?h=225&w=225,Food Cupboard,"Dried Fruit, Nuts, Nutrient Powders & Seeds"
317759441,BEAR Fruit Dried Mango 4x25g,£3.00,£30.00/kg,,,False,,False,,,False,https://www.tesco.com/groceries/en-GB/products/317759441,https://digitalcontent.api.tesco.com/v2/media/ghs/3f708b3a-4524-467d-97ce-e09936cce8ec/bb4b990f-3cb3-4c37-98d6-29f198935dfa_1508524186.jpeg?h=225&w=225,Food Cupboard,"Dried Fruit, Nuts, Nutrient Powders & Seeds"
321102078,WHITWORTHS WONDERMIX FEEL ENERGISED 200G,£3.50,£17.50/kg,£2.50 Clubcard Price,(£12.50/kg),True,Offer valid for delivery from 12/03/2025 until 13/05/2025,False,,,False,https://www.tesco.com/groceries/en-GB/products/321102078,https://digitalcontent.api.tesco.com/v2/media/ghs/8a80aa59-e80b-4a27-a7d6-f0291437242e/cb83c339-a34e-4aae-9622-399d8721f67a_965245998.jpeg?h=225&w=225,Food Cupboard,"Dried Fruit, Nuts, Nutrient Powders & Seeds"
317849352,BEAR Fruit Dried Pineapple 100g,£2.60,£26.00/kg,,,False,,False,,,False,https://www.tesco.com/groceries/en-GB/products/317849352,https://digitalcontent.api.tesco.com/v2/media/ghs/7b765244-a349-4c6b-b3af-5c14a87236bf/b233d88e-8e8f-4a2e-ac68-1bd014c100a0_1261374544.jpeg?h=225&w=225,Food Cupboard,"Dried Fruit, Nuts, Nutrient Powders & Seeds"
317859340,BEAR Fruit Dried Mango 100g,£2.60,£26.00/kg,,,False,,False,,2,False,https://www.tesco.com/groceries/en-GB/products/317859340,https://digitalcontent.api.tesco.com/v2/media/ghs/a92a504f-8c43-4ba3-8fa1-50e2e79c78d1/2715d9bb-73e1-4380-a350-050e3bbde3b7_1784959316.jpeg?h=225&w=225,Food Cupboard,"Dried Fruit, Nuts, Nutrient Powders & Seeds"
317742529,BEAR Fruit Dried Cherries 75g,£2.60,£34.67/kg,,,False,,False,,,False,https://www.tesco.com/groceries/en-GB/products/317742529,https://digitalcontent.api.tesco.com/v2/media/ghs/ba9c3f9b-7900-4bb3-a7bb-10d6b6e28921/3b9d5679-aa17-4d51-8981-a895247018ea_833146946.jpeg?h=225&w=225,Food Cupboard,"Dried Fruit, Nuts, Nutrient Powders & Seeds"
317870734,BEAR Fruit Dried Strawberries 90g,£2.60,£28.89/kg,,,False,,False,,,False,https://www.tesco.com/groceries/en-GB/products/317870734,https://digitalcontent.api.tesco.com/v2/media/ghs/0db0d391-ae39-4a26-acdd-1ad1a3e6c50c/685c10f6-2dd8-4aa8-8c60-08342641c7b3_279649586.jpeg?h=225&w=225,Food Cupboard,"Dried Fruit, Nuts, Nutrient Powders & Seeds"
317857503,BEAR Fruit Dried Blueberries 75g,£2.60,£34.67/kg,,,False,,False,,,False,https://www.tesco.com/groceries/en-GB/products/317857503,https://digitalcontent.api.tesco.com/v2/media/ghs/242465c1-8229-4c94-b544-94f011a69f5c/8cf1c339-7f66-4d84-9c66-f2a654dda9d1_849751098.jpeg?h=225&w=225,Food Cupboard,"Dried Fruit, Nuts, Nutrient Powders & Seeds"
317855957,BEAR Fruit Dried Mango & Passion Fruit 85g,£2.60,£30.59/kg,,,False,,False,,,False,https://www.tesco.com/groceries/en-GB/products/317855957,https://digitalcontent.api.tesco.com/v2/media/ghs/7f62612e-e16a-4d58-8717-a3738d6dea50/5578a9d4-2309-4d47-a5a0-491a7370941a_1952752447.jpeg?h=225&w=225,Food Cupboard,"Dried Fruit, Nuts, Nutrient Powders & Seeds"
315074430,Whitworths Banana Chips 150G,£2.00,£13.33/kg,Any 2 for £3.20 Clubcard Price - Selected Whitworths Classics Multibuy 130g-350g,,True,Offer valid for delivery from 01/01/2025 until 01/09/2025,False,3.2,4,False,https://www.tesco.com/groceries/en-GB/products/315074430,https://digitalcontent.api.tesco.com/v2/media/ghs/60402afd-4cf0-4eeb-9c57-6cb80caef1d1/a1dc4520-c3d1-4c3e-b1a1-58a7c77da385_1190660569.jpeg?h=225&w=225,Food Cupboard,"Dried Fruit, Nuts, Nutrient Powders & Seeds"
259169098,Tesco Sultanas 1Kg,£3.60,£3.60/kg,,,False,,False,4.8,44,False,https://www.tesco.com/groceries/en-GB/products/259169098,https://digitalcontent.api.tesco.com/v2/media/ghs/eed47522-b020-43d1-b490-096610e4709b/eb51b094-d3a8-4ae9-9fe3-af94766d7bbe_1760879266.jpeg?h=225&w=225,Food Cupboard,"Dried Fruit, Nuts, Nutrient Powders & Seeds"
317049521,Whitworths Walnuts 110g,£2.00,£18.18/kg,Any 2 for £3.20 Clubcard Price - Selected Whitworths Classics Multibuy 130g-350g,,True,Offer valid for delivery from 01/01/2025 until 01/09/2025,False,,,False,https://www.tesco.com/groceries/en-GB/products/317049521,https://digitalcontent.api.tesco.com/v2/media/ghs/f8a93140-03a8-4874-aaec-f7693c4a13da/cfb12c23-ef1d-4464-98c7-230bae83f128_1815838407.jpeg?h=225&w=225,Food Cupboard,"Dried Fruit, Nuts, Nutrient Powders & Seeds"
314598946,Whitworths Berry + Chocolate Clusters Shots 4 x 25g,£2.00,£20.00/kg,Any 2 for £3.20 Clubcard Price - Selected Whitworths Classics Multibuy 130g-350g,,True,Offer valid for delivery from 01/01/2025 until 01/09/2025,False,,1,False,https://www.tesco.com/groceries/en-GB/products/314598946,https://digitalcontent.api.tesco.com/v2/media/ghs/c7679e74-0854-404b-b150-bc856b19debd/ae55912c-4efc-4f84-88cf-52a11f4cadbf_1456594928.jpeg?h=225&w=225,Food Cupboard,"Dried Fruit, Nuts, Nutrient Powders & Seeds"
302303559,Whitworths Toffee & Pecan Shots 4X25g,£2.00,£20.00/kg,Any 2 for £3.20 Clubcard Price - Selected Whitworths Classics Multibuy 130g-350g,,True,Offer valid for delivery from 01/01/2025 until 01/09/2025,False,,2,False,https://www.tesco.com/groceries/en-GB/products/302303559,https://digitalcontent.api.tesco.com/v2/media/ghs/c52e57cb-0eb4-431f-8999-a121d55b5517/d66e1f8a-1af1-4a74-89a8-87175d099b89_1176492797.jpeg?h=225&w=225,Food Cupboard,"Dried Fruit, Nuts, Nutrient Powders & Seeds"
317064554,Whitworths Cashews 115g,£2.00,£17.39/kg,Any 2 for £3.20 Clubcard Price - Selected Whitworths Classics Multibuy 130g-350g,,True,Offer valid for delivery from 01/01/2025 until 01/09/2025,False,,,False,https://www.tesco.com/groceries/en-GB/products/317064554,https://digitalcontent.api.tesco.com/v2/media/ghs/169f64e8-1781-496f-98d7-cd2c6d734275/572da9bf-799d-4404-a011-bd18c96188a6_1884249806.jpeg?h=225&w=225,Food Cupboard,"Dried Fruit, Nuts, Nutrient Powders & Seeds"
302195180,Whitworths Shots Salted Caramel Nuts 3X25g,£2.00,£26.67/kg,Any 2 for £3.20 Clubcard Price - Selected Whitworths Classics Multibuy 130g-350g,,True,Offer valid for delivery from 01/01/2025 until 01/09/2025,False,,,False,https://www.tesco.com/groceries/en-GB/products/302195180,https://digitalcontent.api.tesco.com/v2/media/ghs/966cf4a8-e741-4f17-a986-606d04dbedbf/c87f9146-8b96-4326-a4e8-6cd7c8d69ba4_1468132133.jpeg?h=225&w=225,Food Cupboard,"Dried Fruit, Nuts, Nutrient Powders & Seeds"
314708651,Whitworths Cranberries 130G,£2.00,£15.38/kg,Any 2 for £3.20 Clubcard Price - Selected Whitworths Classics Multibuy 130g-350g,,True,Offer valid for delivery from 01/01/2025 until 01/09/2025,False,,,False,https://www.tesco.com/groceries/en-GB/products/314708651,https://digitalcontent.api.tesco.com/v2/media/ghs/56962b93-2ef2-4a53-9b6d-618e4bd0a071/17cf2d64-7217-4c36-abf9-957d1e9a3246_1880937128.jpeg?h=225&w=225,Food Cupboard,"Dried Fruit, Nuts, Nutrient Powders & Seeds"
315057641,Whitworths Dried Chilean Orchard Prunes 190G,£2.00,£10.53/kg,Any 2 for £3.20 Clubcard Price - Selected Whitworths Classics Multibuy 130g-350g,,True,Offer valid for delivery from 01/01/2025 until 01/09/2025,False,,2,False,https://www.tesco.com/groceries/en-GB/products/315057641,https://digitalcontent.api.tesco.com/v2/media/ghs/e1968f76-0b1c-4cf3-801f-32b7708be67d/4729a64b-e9db-4584-aa99-a48ef82d672e_1643516061.jpeg?h=225&w=225,Food Cupboard,"Dried Fruit, Nuts, Nutrient Powders & Seeds"
307156334,Crazy Jack Organic Soft Apricots 200g,£2.60,£13.00/kg,,,False,,False,4.8,46,False,https://www.tesco.com/groceries/en-GB/products/307156334,https://digitalcontent.api.tesco.com/v2/media/ghs/68321304-8016-417c-b007-27a06b40b10e/53d9fc37-2e6d-4162-9684-4db38c546b89_352403327.jpeg?h=225&w=225,Food Cupboard,"Dried Fruit, Nuts, Nutrient Powders & Seeds"
302686929,Tesco Snack Pack Almonds 60G,£1.15,£19.17/kg,Any 3 for 2 Clubcard Price - Cheapest Product Free - Selected Tesco Dried Fruit Or Nuts,,True,Offer valid for delivery from 03/09/2022 until 31/12/2040,False,,2,False,https://www.tesco.com/groceries/en-GB/products/302686929,https://digitalcontent.api.tesco.com/v2/media/ghs/e2365c3d-4709-4778-81f1-7dbaee0f53f2/cdee4a90-6cab-4704-8b58-208f80f7a579.jpeg?h=225&w=225,Food Cupboard,"Dried Fruit, Nuts, Nutrient Powders & Seeds"
288058750,Tesco Snacking Roasted Pistachio 50G(C),£1.15,£23.00/kg,Any 3 for 2 Clubcard Price - Cheapest Product Free - Selected Tesco Dried Fruit Or Nuts,,True,Offer valid for delivery from 03/09/2022 until 31/12/2040,False,,2,False,https://www.tesco.com/groceries/en-GB/products/288058750,https://digitalcontent.api.tesco.com/v2/media/ghs/965ca0cb-7ddb-46a5-8988-e29612786d40/c2c3fbfa-77f6-4fdc-9569-d5422d44b000_522576157.jpeg?h=225&w=225,Food Cupboard,"Dried Fruit, Nuts, Nutrient Powders & Seeds"
302687139,Tesco Roasted Nut Snack Pack 55G,£1.15,£20.91/kg,Any 3 for 2 Clubcard Price - Cheapest Product Free - Selected Tesco Dried Fruit Or Nuts,,True,Offer valid for delivery from 03/09/2022 until 31/12/2040,False,4.4,10,False,https://www.tesco.com/groceries/en-GB/products/302687139,https://digitalcontent.api.tesco.com/v2/media/ghs/7221c8b5-3f16-4fb8-9eaa-eecf13ed8577/898e4207-6350-4297-ab1f-9b13ab28bb8b_489388220.jpeg?h=225&w=225,Food Cupboard,"Dried Fruit, Nuts, Nutrient Powders & Seeds"
315071139,Naturya Supershake - Blueberry & Banana 275g,£9.00,£32.73/kg,£7.20 Clubcard Price,(£26.18/kg),True,Offer valid for delivery from 16/04/2025 until 13/05/2025,False,2.5,2,False,https://www.tesco.com/groceries/en-GB/products/315071139,https://digitalcontent.api.tesco.com/v2/media/ghs/edf7e594-ca46-468c-a4a6-0ff76b5021b0/15706aaf-8166-4fb2-b595-6beaf4cb1b4a_647714962.jpeg?h=225&w=225,Food Cupboard,"Dried Fruit, Nuts, Nutrient Powders & Seeds"
315077398,Naturya Supershake - Fruity Greens 275g,£9.00,£32.73/kg,£7.20 Clubcard Price,(£26.18/kg),True,Offer valid for delivery from 16/04/2025 until 13/05/2025,False,,,False,https://www.tesco.com/groceries/en-GB/products/315077398,https://digitalcontent.api.tesco.com/v2/media/ghs/a0e65931-5acc-4673-9a35-c03e47c61891/227a85c4-c9ea-40be-8507-f7de0a2434c7_1154448686.jpeg?h=225&w=225,Food Cupboard,"Dried Fruit, Nuts, Nutrient Powders & Seeds"
317052482,Rheal Superfoods Clean Greens 10x5g,£10.00,£200.00/100g,£6.70 Clubcard Price,(£134.00/100g),True,Offer valid for delivery from 16/04/2025 until 13/05/2025,False,,6,False,https://www.tesco.com/groceries/en-GB/products/317052482,https://digitalcontent.api.tesco.com/v2/media/ghs/528b4d0b-ac99-464d-a096-17e2ad301af6/60fc230b-2f8f-4c3c-9073-9c4cebeef7ff_1474597025.jpeg?h=225&w=225,Food Cupboard,"Dried Fruit, Nuts, Nutrient Powders & Seeds"
317058314,Rheal Superfoods Gut Feel 10x5g,£10.00,£200.00/100g,£6.70 Clubcard Price,(£134.00/100g),True,Offer valid for delivery from 16/04/2025 until 13/05/2025,False,,5,False,https://www.tesco.com/groceries/en-GB/products/317058314,https://digitalcontent.api.tesco.com/v2/media/ghs/5818b95b-906a-418d-ad3d-f64dc01829f9/695a78ba-298f-4e04-be10-9baf4b39af29_2020051425.jpeg?h=225&w=225,Food Cupboard,"Dried Fruit, Nuts, Nutrient Powders & Seeds"
317873397,Linwoods Immune Support 210G,£8.00,£38.10/kg,£6.50 Clubcard Price,(£30.95/kg),True,Offer valid for delivery from 16/04/2025 until 13/05/2025,False,,,False,https://www.tesco.com/groceries/en-GB/products/317873397,https://digitalcontent.api.tesco.com/v2/media/ghs/5ee6a136-fe5c-45f8-aba5-a586b69d2e79/acf2d4b4-513e-48f5-92ba-6809c5c019cc_1221783142.jpeg?h=225&w=225,Food Cupboard,"Dried Fruit, Nuts, Nutrient Powders & Seeds"
317865401,Bear Tropical Yo Yos 5 x 20g,£3.00,£30.00/kg,£2.00 Save 1/3 Clubcard Price,(£20.00/kg),True,Offer valid for delivery from 16/04/2025 until 13/05/2025,False,,,False,https://www.tesco.com/groceries/en-GB/products/317865401,https://digitalcontent.api.tesco.com/v2/media/ghs/16e0afb4-d100-4487-b0be-39eb3278d839/a623489f-059e-4f64-9e0e-a146e3dffcec_909931113.jpeg?h=225&w=225,Food Cupboard,"Dried Fruit, Nuts, Nutrient Powders & Seeds"
320407704,Barebells Soft Protein Bar Banana Dream 55g,£2.70,£4.91/100g,,,False,,False,,,False,https://www.tesco.com/groceries/en-GB/products/320407704,https://digitalcontent.api.tesco.com/v2/media/ghs/69d4bec1-7c6b-4517-8593-6f9f2cf42015/71eb5705-35af-4988-b871-2281661b6a1d_1413433834.jpeg?h=225&w=225,Food Cupboard,"Dried Fruit, Nuts, Nutrient Powders & Seeds"
315060901,Bear Fruit Split Strawberry & Apple 5 Pack 100G,£2.85,£2.85/100g,,,False,,False,4.5,26,False,https://www.tesco.com/groceries/en-GB/products/315060901,https://digitalcontent.api.tesco.com/v2/media/ghs/3f08855f-8a44-4d31-bc54-38a10a7663bd/c4d8e35f-7e0e-4d83-89a4-4c871d77adc7_1350393856.jpeg?h=225&w=225,Food Cupboard,"Dried Fruit, Nuts, Nutrient Powders & Seeds"
315071669,Bear Fruit Splits - Pineapple & Raspberry 5 Pack 100g,£2.85,£2.85/100g,,,False,,False,,,False,https://www.tesco.com/groceries/en-GB/products/315071669,https://digitalcontent.api.tesco.com/v2/media/ghs/d5c77418-89fc-4260-bae0-881862db9193/5bb36b6f-f50a-414b-bf1c-c3bf37097ef3_1141422856.jpeg?h=225&w=225,Food Cupboard,"Dried Fruit, Nuts, Nutrient Powders & Seeds"
297754816,Gogo Squeez Fruit Snack Apple 4X90g,£2.55,£0.71/100g,£1.75 Clubcard Price,(£0.49/100g),True,Offer valid for delivery from 16/04/2025 until 13/05/2025,False,4.7,44,False,https://www.tesco.com/groceries/en-GB/products/297754816,https://digitalcontent.api.tesco.com/v2/media/ghs/432899b4-b69a-423b-9352-37700f796397/4852f21e-431e-453e-8383-d7c58ce8a6d1_2122380477.jpeg?h=225&w=225,Food Cupboard,"Dried Fruit, Nuts, Nutrient Powders & Seeds"
317417005,GoGo Squeez Fruit Smoothie Snack - Multifruit 4x90g,£2.55,£7.08/kg,£1.75 Clubcard Price,(£4.86/kg),True,Offer valid for delivery from 16/04/2025 until 13/05/2025,False,,,False,https://www.tesco.com/groceries/en-GB/products/317417005,https://digitalcontent.api.tesco.com/v2/media/ghs/02d16535-02b7-4670-a1f5-4f75cb31cea0/e1554849-e76e-4ae6-958d-1b2a565af6c1_1042549581.jpeg?h=225&w=225,Food Cupboard,"Dried Fruit, Nuts, Nutrient Powders & Seeds"
316310737,"Zombie Fruit Leatherz Multipack, Variety Pack, 4 x 25g",£2.60,£26.00/kg,£2.00 Clubcard Price,(£20.00/kg),True,Offer valid for delivery from 16/04/2025 until 13/05/2025,False,4.3,36,False,https://www.tesco.com/groceries/en-GB/products/316310737,https://digitalcontent.api.tesco.com/v2/media/ghs/475d8ec7-77fe-459c-99e6-365a220945e4/9db69e56-2b2c-4903-a7a8-8f671ae9b5f0_2044524046.jpeg?h=225&w=225,Food Cupboard,"Dried Fruit, Nuts, Nutrient Powders & Seeds"
317209427,The Gut Stuff High Fibre Fruit & Nut Bar - Sea Salt & Caramel 3 x 35g,£3.00,£28.57/kg,,,False,,False,,,False,https://www.tesco.com/groceries/en-GB/products/317209427,https://digitalcontent.api.tesco.com/v2/media/ghs/c98d7586-8be7-419b-b6e5-b065267f027f/4443bd2c-adfd-4f74-9a1c-312d7e2d1ce1_717360548.jpeg?h=225&w=225,Food Cupboard,"Dried Fruit, Nuts, Nutrient Powders & Seeds"
317054249,The Gut Stuff High Fibre Fruit & Nut Bar - Peanut Butter 3 x 35g,£3.00,£28.57/kg,,,False,,False,,,False,https://www.tesco.com/groceries/en-GB/products/317054249,https://digitalcontent.api.tesco.com/v2/media/ghs/11f247c3-ca9d-448e-8cec-3b962e001000/7a19f2a4-bb13-4a3e-9a1e-90f062e0feaa_1514941149.jpeg?h=225&w=225,Food Cupboard,"Dried Fruit, Nuts, Nutrient Powders & Seeds"
317070327,The Gut Stuff High Fibre Fruit & Nut Bar - Cocoa & Hazelnut 3 x 35g,£3.00,£28.57/kg,,,False,,False,,1,False,https://www.tesco.com/groceries/en-GB/products/317070327,https://digitalcontent.api.tesco.com/v2/media/ghs/8a66d9da-c49e-4a04-ac9c-b79f24f8021a/3acfa297-61eb-4030-ae35-ed5f4e25cfea_674076704.jpeg?h=225&w=225,Food Cupboard,"Dried Fruit, Nuts, Nutrient Powders & Seeds"
316446882,Zombie Man-Ghouled Mango Fruit Leather Bars 4 x 25g (100g),£2.60,£26.00/kg,£2.00 Clubcard Price,(£20.00/kg),True,Offer valid for delivery from 16/04/2025 until 13/05/2025,False,4.5,2,False,https://www.tesco.com/groceries/en-GB/products/316446882,https://digitalcontent.api.tesco.com/v2/media/ghs/cc7fd705-e985-4d15-80af-f76693caea14/5f68a589-17ca-4a1e-ab9f-2917e568428f_1005782700.jpeg?h=225&w=225,Food Cupboard,"Dried Fruit, Nuts, Nutrient Powders & Seeds"
315856527,"Zombie Fruit Leatherz Multipack, Strawburied, 4 x 25g",£2.60,£26.00/kg,£2.00 Clubcard Price,(£20.00/kg),True,Offer valid for delivery from 16/04/2025 until 13/05/2025,False,,1,False,https://www.tesco.com/groceries/en-GB/products/315856527,https://digitalcontent.api.tesco.com/v2/media/ghs/973cd6ca-9f31-40ff-9c47-2a8cbe7b1890/09e3c4cb-d35f-4fb5-a175-1fbdb02f98ed_1949364503.jpeg?h=225&w=225,Food Cupboard,"Dried Fruit, Nuts, Nutrient Powders & Seeds"
316308735,Zombie Blackberry Death Fruit Leather Bars 4 x 25g (100g),£2.60,£26.00/kg,£2.00 Clubcard Price,(£20.00/kg),True,Offer valid for delivery from 16/04/2025 until 13/05/2025,False,,1,False,https://www.tesco.com/groceries/en-GB/products/316308735,https://digitalcontent.api.tesco.com/v2/media/ghs/2fb76259-4f2a-4a95-a551-cdd4c4f53d93/446c813c-a7ab-4661-91f1-bd8054dd8b53_1545121988.jpeg?h=225&w=225,Food Cupboard,"Dried Fruit, Nuts, Nutrient Powders & Seeds"
317855874,Fruit Bowl Fruity Twists - Blueberry & Bubblegum Flavour 5 x 16g,£2.75,£34.38/kg,,,False,,False,,,False,https://www.tesco.com/groceries/en-GB/products/317855874,https://digitalcontent.api.tesco.com/v2/media/ghs/fe632ddd-bc6d-4d6c-b427-90bfeed7defa/cf2bd1e7-9cab-4190-852a-86eed845bb62_467471686.jpeg?h=225&w=225,Food Cupboard,"Dried Fruit, Nuts, Nutrient Powders & Seeds"
314843979,Fruit Bowl Juicy Yogurt Raisins 5 x 21g,£2.25,£21.43/kg,,,False,,False,,1,False,https://www.tesco.com/groceries/en-GB/products/314843979,https://digitalcontent.api.tesco.com/v2/media/ghs/d14684ee-d9f0-482f-b410-c934e718eb8d/2fcdb7d7-28a3-48f6-a586-d2dc0a2454d3_1929424555.jpeg?h=225&w=225,Food Cupboard,"Dried Fruit, Nuts, Nutrient Powders & Seeds"
314842427,Fruit Bowl Raspberry Yogurt Flakes 5 x 18g,£2.25,£25.00/kg,,,False,,False,,,False,https://www.tesco.com/groceries/en-GB/products/314842427,https://digitalcontent.api.tesco.com/v2/media/ghs/9ace5fe4-9a22-45f8-b3f8-6a5de7e23787/2dbd9691-a5f9-4816-abf2-66604d29a850_1956261692.jpeg?h=225&w=225,Food Cupboard,"Dried Fruit, Nuts, Nutrient Powders & Seeds"
314832407,Fruit Bowl Strawberry Yogurt Flakes 5 x 18g,£2.25,£25.00/kg,,,False,,False,,1,False,https://www.tesco.com/groceries/en-GB/products/314832407,https://digitalcontent.api.tesco.com/v2/media/ghs/0db328b4-0310-43a3-8310-f491ac79d575/50428b59-275c-4a46-be64-c555568bb686_1912010159.jpeg?h=225&w=225,Food Cupboard,"Dried Fruit, Nuts, Nutrient Powders & Seeds"
317540077,Whitworths Healthy Heart Wonder Mix Nutrient-Rich Seed Mix 150g,£2.00,£13.33/kg,Any 2 for £3.20 Clubcard Price - Selected Whitworths Classics Multibuy 130g-350g,,True,Offer valid for delivery from 01/01/2025 until 01/09/2025,False,,,False,https://www.tesco.com/groceries/en-GB/products/317540077,https://digitalcontent.api.tesco.com/v2/media/ghs/a8480480-3241-4d91-b832-1b6c0e5c50b2/e82aefe1-c094-4b79-9327-81d7d2c51548_1816425995.jpeg?h=225&w=225,Food Cupboard,"Dried Fruit, Nuts, Nutrient Powders & Seeds"
317973797,Whitworths Shots Chocolate & Hazelnut 4 x 25g,£2.00,£20.00/kg,Any 2 for £3.20 Clubcard Price - Selected Whitworths Classics Multibuy 130g-350g,,True,Offer valid for delivery from 01/01/2025 until 01/09/2025,False,,,False,https://www.tesco.com/groceries/en-GB/products/317973797,https://digitalcontent.api.tesco.com/v2/media/ghs/22fdb153-7ec2-4afe-9378-7e3df386a9a6/83759cc1-dc54-46f3-94d5-e577cf6fb2be_1835162982.jpeg?h=225&w=225,Food Cupboard,"Dried Fruit, Nuts, Nutrient Powders & Seeds"
317551853,Whitworths Wondermix Fight Fatigue Fruit and Nut 105G,£2.00,£19.05/kg,Any 2 for £3.20 Clubcard Price - Selected Whitworths Classics Multibuy 130g-350g,,True,Offer valid for delivery from 01/01/2025 until 01/09/2025,False,,,False,https://www.tesco.com/groceries/en-GB/products/317551853,https://digitalcontent.api.tesco.com/v2/media/ghs/a505066b-a88b-4b0a-b78a-9b28fcbea3b5/55709617-a93e-4567-bf51-8d33a14b07e5_1495877126.jpeg?h=225&w=225,Food Cupboard,"Dried Fruit, Nuts, Nutrient Powders & Seeds"
317539120,Whitworths Wondermix Feel Well Nut Mix 110g,£2.00,£18.18/kg,Any 2 for £3.20 Clubcard Price - Selected Whitworths Classics Multibuy 130g-350g,,True,Offer valid for delivery from 01/01/2025 until 01/09/2025,False,,,False,https://www.tesco.com/groceries/en-GB/products/317539120,https://digitalcontent.api.tesco.com/v2/media/ghs/0812709f-6b71-4f25-ad69-9f0472d091e1/34d48464-bbdf-4a14-953d-aee95c75a29f_1558196536.jpeg?h=225&w=225,Food Cupboard,"Dried Fruit, Nuts, Nutrient Powders & Seeds"
315356707,Paw Patrol Strawberry Fruit Rollers 5X 20G,£1.70,£17.00/kg,,,False,,False,,,False,https://www.tesco.com/groceries/en-GB/products/315356707,https://digitalcontent.api.tesco.com/v2/media/ghs/26ee0b1c-20e8-4755-b8cf-865e3eb1cf1c/57f0f248-003a-453c-a9df-f2cb9f3ee7e8_656925405.jpeg?h=225&w=225,Food Cupboard,"Dried Fruit, Nuts, Nutrient Powders & Seeds"
315072340,Freddie's Farm Berry Bars - Blueberry 5 x 20g,£2.50,£25.00/kg,£1.85 Save 25% Clubcard Price,(£18.50/kg),True,Offer valid for delivery from 16/04/2025 until 13/05/2025,False,,2,False,https://www.tesco.com/groceries/en-GB/products/315072340,https://digitalcontent.api.tesco.com/v2/media/ghs/154784da-a858-45ac-8da1-6e974f5883d0/72e07401-fb65-4f05-9242-0d270d0d8811_1819280820.jpeg?h=225&w=225,Food Cupboard,"Dried Fruit, Nuts, Nutrient Powders & Seeds"
315162337,Freddie's Farm Berry Bars - Strawberry 5 x 20g,£2.50,£25.00/kg,£1.85 Save 25% Clubcard Price,(£18.50/kg),True,Offer valid for delivery from 16/04/2025 until 13/05/2025,False,,2,False,https://www.tesco.com/groceries/en-GB/products/315162337,https://digitalcontent.api.tesco.com/v2/media/ghs/ff2c3170-0b11-44d3-824b-c83eb9219204/03c5b4a0-fe08-44ab-9479-39573fab7cd8_34146735.jpeg?h=225&w=225,Food Cupboard,"Dried Fruit, Nuts, Nutrient Powders & Seeds"
315073039,Fruit Bowl Strawberry Vanilla Fruity Twists 5 X 16G,£2.75,£3.44/100g,,,False,,False,4.8,27,False,https://www.tesco.com/groceries/en-GB/products/315073039,https://digitalcontent.api.tesco.com/v2/media/ghs/0ae68fae-1f4f-446b-96b5-befae1d3f2d0/0d276c59-fd0c-494d-baf4-701cf2736889_1492035070.jpeg?h=225&w=225,Food Cupboard,"Dried Fruit, Nuts, Nutrient Powders & Seeds"
308450905,Nestlé Cheerios Honey Cereal 575g,£3.90,£0.68/100g,£3.00 Clubcard Price,(£0.52/100g),True,Offer valid for delivery from 09/04/2025 until 20/05/2025,False,4.7,312,True,https://www.tesco.com/groceries/en-GB/products/308450905,https://digitalcontent.api.tesco.com/v2/media/ghs/6ee55e9a-8439-48ac-b24b-6d2ac5594109/479d8196-e38f-4799-951b-3c6d2d39707f_1011005047.jpeg?h=225&w=225,Food Cupboard,Cereals
315746649,Nestle Shreddies Coco Cereal 600g,£3.50,£0.58/100g,£2.50 Clubcard Price,(£0.42/100g),True,Offer valid for delivery from 16/04/2025 until 13/05/2025,False,4.8,379,True,https://www.tesco.com/groceries/en-GB/products/315746649,https://digitalcontent.api.tesco.com/v2/media/ghs/192cd02e-b6cb-4e83-9c79-8f6c24a027df/8bce4e9c-cf09-45d7-9170-98f43972588a_1091120225.jpeg?h=225&w=225,Food Cupboard,Cereals
271515304,FUEL10K Chocolate Chunks Protein Granola Breakfast Cereal 400g,£3.50,£0.88/100g,£2.75 Clubcard Price,(£0.69/100g),True,Offer valid for delivery from 16/04/2025 until 13/05/2025,False,4.3,43,True,https://www.tesco.com/groceries/en-GB/products/271515304,https://digitalcontent.api.tesco.com/v2/media/ghs/a4855adf-00da-4d22-b4e1-1d813c001306/2be30782-5205-47b5-89c0-f18f0e0b0fcd_195405767.jpeg?h=225&w=225,Food Cupboard,Cereals
265689717,Kellogg's Crunchy Nut Breakfast Cereal 1kg,£5.50,£0.55/100g,£4.95 Clubcard Price,(£0.50/100g),True,Offer valid for delivery from 31/03/2025 until 21/04/2025,False,4.6,44,False,https://www.tesco.com/groceries/en-GB/products/265689717,https://digitalcontent.api.tesco.com/v2/media/ghs/a097a9af-45aa-4621-9370-117e481cfc10/848d25ce-9788-4da8-b7a1-c9d8114191de_1645476531.jpeg?h=225&w=225,Food Cupboard,Cereals
268060840,Quaker Oat So Simple Golden Syrup Porridge Pot 57g,£1.30,£2.28/100g,Any 3 for £3 Clubcard Price - Selected Porridge Pots Bars Or Drinks,,True,Offer valid for delivery from 24/02/2025 until 28/02/2026,False,3.2,13,False,https://www.tesco.com/groceries/en-GB/products/268060840,https://digitalcontent.api.tesco.com/v2/media/ghs/e94fb463-f4cd-4d06-8a0a-05acda3dad98/d6138a39-352d-4400-9ee5-9d81c3f43c17_2064240235.jpeg?h=225&w=225,Food Cupboard,Cereals
254853004,Weetabix Cereal 48 Pack,£5.50,£0.12/each,£4.50 Clubcard Price,(£0.09/each),True,Offer valid for delivery from 16/04/2025 until 13/05/2025,False,4.2,20,False,https://www.tesco.com/groceries/en-GB/products/254853004,https://digitalcontent.api.tesco.com/v2/media/ghs/077d4863-d264-43d8-a499-719a0ca94949/3b5d31a9-82dc-485a-b2b0-0510697eb6fc_304469460.jpeg?h=225&w=225,Food Cupboard,Cereals
289954626,Belvita Soft Bakes Biscuits - Choc Chips 5 Pack 250g,£2.75,£1.10/100g,,,False,,False,4.4,43,False,https://www.tesco.com/groceries/en-GB/products/289954626,https://digitalcontent.api.tesco.com/v2/media/ghs/213afc45-a99e-4370-9bb7-208ddf262a2b/3e062512-83b6-4c16-b766-b6a3753b14e3_1178194871.jpeg?h=225&w=225,Food Cupboard,Cereals
257286175,Kellogg's Rice Krispies Multigrain Cereal 350G,£3.50,£1.00/100g,£2.85 Clubcard Price,(£0.81/100g),True,Offer valid for delivery from 16/04/2025 until 13/05/2025,False,4.5,177,False,https://www.tesco.com/groceries/en-GB/products/257286175,https://digitalcontent.api.tesco.com/v2/media/ghs/43a106ed-b5fd-4d52-89ba-1e6ebae5ab6f/77ed9ba2-a01e-4f30-b1a6-8e3cbf10be51_78767421.jpeg?h=225&w=225,Food Cupboard,Cereals
312094007,Nestlé Cheerios Multigrain Cereal 800g,£4.00,£0.50/100g,,,False,,False,4.7,1260,False,https://www.tesco.com/groceries/en-GB/products/312094007,https://digitalcontent.api.tesco.com/v2/media/ghs/7c1851da-7613-4cf3-b32f-3cdd10cbd70e/94f6210d-ab63-4a5c-8201-1c81e14a30fc_625062601.jpeg?h=225&w=225,Food Cupboard,Cereals
312109194,Nestlé Shreddies Original Cereal 630g,£3.50,£0.56/100g,,,False,,False,4.8,2152,False,https://www.tesco.com/groceries/en-GB/products/312109194,https://digitalcontent.api.tesco.com/v2/media/ghs/13cdc5e0-f9d1-461f-843d-23ae59a8d25d/bacc3acc-f3f8-4245-a55e-010f442d8b8e_816386135.jpeg?h=225&w=225,Food Cupboard,Cereals
311959191,Nestle Shreddies Original Cereal 1.1kg,£4.00,£0.36/100g,,,False,,False,4.8,2152,False,https://www.tesco.com/groceries/en-GB/products/311959191,https://digitalcontent.api.tesco.com/v2/media/ghs/fc429899-0750-41ca-b2ea-1f8fdd55ea90/c3ee5845-56ba-480e-af0b-af06b0053fd1_1346167960.jpeg?h=225&w=225,Food Cupboard,Cereals
256587304,Nestlé Curiously Cinnamon Cereal 375g,£3.50,£0.93/100g,£2.50 Clubcard Price,(£0.67/100g),True,Offer valid for delivery from 31/03/2025 until 30/04/2025,False,3.4,16,False,https://www.tesco.com/groceries/en-GB/products/256587304,https://digitalcontent.api.tesco.com/v2/media/ghs/f024d75e-f395-45cc-90d0-1cd95b9b5056/27f12060-7a66-4d12-a71a-4028d8e39b76_415656618.jpeg?h=225&w=225,Food Cupboard,Cereals
254852996,Weetabix Cereal 24 Pack,£3.45,£0.14/each,,,False,,False,,31,False,https://www.tesco.com/groceries/en-GB/products/254852996,https://digitalcontent.api.tesco.com/v2/media/ghs/93118de5-8ce5-4703-9090-edd92b8830fe/a74106a2-1e0e-4c4b-9072-77f590f490db_1982613813.jpeg?h=225&w=225,Food Cupboard,Cereals
308485340,Nestle Cheerios Honey Cereal 370g,£3.50,£0.95/100g,,,False,,False,4.7,312,False,https://www.tesco.com/groceries/en-GB/products/308485340,https://digitalcontent.api.tesco.com/v2/media/ghs/d0213dce-0266-42f9-9140-68f9ae4c5872/a40d4d7d-4956-475a-ab54-9bae13e1d1c3_71309991.jpeg?h=225&w=225,Food Cupboard,Cereals
252329675,Quaker Rolled Porridge Oats 1kg,£2.50,£0.25/100g,,,False,,False,3.6,24,False,https://www.tesco.com/groceries/en-GB/products/252329675,https://digitalcontent.api.tesco.com/v2/media/ghs/7da9c09b-3301-4195-a96f-849b34d04e08/57747342-080a-424e-bccb-0813dde902b8_863673053.jpeg?h=225&w=225,Food Cupboard,Cereals
292990837,Tesco Scottish Oats Porridge 2Kg,£2.45,£0.12/100g,,,False,,False,3.5,69,False,https://www.tesco.com/groceries/en-GB/products/292990837,https://digitalcontent.api.tesco.com/v2/media/ghs/ad37ceff-3ce0-4199-8340-f10421d09edc/a02e9920-e306-41b4-8e85-078371f6bfa8_1629098207.jpeg?h=225&w=225,Food Cupboard,Cereals
252329813,Scott's Porage Original Porridge Oats 1kg,£2.50,£0.25/100g,,,False,,False,,25,False,https://www.tesco.com/groceries/en-GB/products/252329813,https://digitalcontent.api.tesco.com/v2/media/ghs/14d11570-111c-4582-83f4-717268931fbf/8422fcce-f6a4-40ed-a6fe-1a001fb728ef_1726957538.jpeg?h=225&w=225,Food Cupboard,Cereals
265537322,Tesco Swiss Style No Added Sugar Muesli 1Kg,£2.40,£0.24/100g,,,False,,False,,90,False,https://www.tesco.com/groceries/en-GB/products/265537322,https://digitalcontent.api.tesco.com/v2/media/ghs/f8b08a94-1abf-47db-99eb-66f75ae92aa0/38a51bd4-74fb-43b0-be80-2f5cc72defec_820117733.jpeg?h=225&w=225,Food Cupboard,Cereals
250202649,"Kellogg's Rice Krispies Squares Marshmallow Snack Bars Multipack, 4x28g",£2.25,£2.01/100g,£1.65 Save 25% Clubcard Price,(£1.47/100g),True,Offer valid for delivery from 26/02/2025 until 22/04/2025,False,4.7,104,False,https://www.tesco.com/groceries/en-GB/products/250202649,https://digitalcontent.api.tesco.com/v2/media/ghs/713d0df1-5d92-4f28-8b0e-3dbcd3e63e7d/99bcb5a7-b6e8-4036-beb7-5f4af942d949_978928551.jpeg?h=225&w=225,Food Cupboard,Cereals
264525476,"Kellogg's Rice Krispies Squares Chocolatey Cereal Bars Multipack, 4x36g",£2.25,£1.56/100g,£1.65 Save 25% Clubcard Price,(£1.15/100g),True,Offer valid for delivery from 26/02/2025 until 22/04/2025,False,4.8,91,False,https://www.tesco.com/groceries/en-GB/products/264525476,https://digitalcontent.api.tesco.com/v2/media/ghs/b461ba22-10ec-473a-a342-6768e48bac2b/1b5e7be5-1f0c-4150-8696-f47d0e32fa15_738158878.jpeg?h=225&w=225,Food Cupboard,Cereals
314944232,Naturya Immunity Superfood Porridge Chocolate 55g,£1.30,£2.36/100g,Any 3 for £3 Clubcard Price - Selected Porridge Pots Bars Or Drinks,,True,Offer valid for delivery from 24/02/2025 until 28/02/2026,False,2.3,6,False,https://www.tesco.com/groceries/en-GB/products/314944232,https://digitalcontent.api.tesco.com/v2/media/ghs/3d38e75f-a2ba-4fd8-9660-1fef095df771/9f4ba189-ecbf-4fbc-b4a8-09fd2d596f8f_224934004.jpeg?h=225&w=225,Food Cupboard,Cereals
314820626,Naturya Gut Health Superfood Porridge Mixed Berry 55G,£1.30,£2.36/100g,Any 3 for £3 Clubcard Price - Selected Porridge Pots Bars Or Drinks,,True,Offer valid for delivery from 24/02/2025 until 28/02/2026,False,,,False,https://www.tesco.com/groceries/en-GB/products/314820626,https://digitalcontent.api.tesco.com/v2/media/ghs/6de7cf0b-a00b-4159-918e-6d10de54f7de/bbf6bb83-ed73-45bd-91df-c2711e0ed9e2_1825978260.jpeg?h=225&w=225,Food Cupboard,Cereals
314700999,Quaker Caramelised Biscuit Porridge Pot 57g,£1.30,£2.28/100g,Any 3 for £3 Clubcard Price - Selected Porridge Pots Bars Or Drinks,,True,Offer valid for delivery from 24/02/2025 until 28/02/2026,False,4.1,27,False,https://www.tesco.com/groceries/en-GB/products/314700999,https://digitalcontent.api.tesco.com/v2/media/ghs/5565900a-44fc-4178-b4d2-979f8e2a6a92/fe45a1b1-0af0-45cd-8b42-f90704fb855e_1758310685.jpeg?h=225&w=225,Food Cupboard,Cereals
312716114,Quaker Caramel Fudge Porridge Pot 58G,£1.30,£2.24/100g,Any 3 for £3 Clubcard Price - Selected Porridge Pots Bars Or Drinks,,True,Offer valid for delivery from 24/02/2025 until 28/02/2026,False,,,False,https://www.tesco.com/groceries/en-GB/products/312716114,https://digitalcontent.api.tesco.com/v2/media/ghs/5c7d5f0e-cfff-4945-b810-580b028d690d/05f92dff-c2d8-4983-9705-963ea32e7544_1232539297.jpeg?h=225&w=225,Food Cupboard,Cereals
280447962,Nature Valley Crunchy Oats & Honey 5 x 42g (210g),£2.50,£1.19/100g,£1.75 Clubcard Price,(£0.83/100g),True,Offer valid for delivery from 26/03/2025 until 20/05/2025,False,4.5,81,False,https://www.tesco.com/groceries/en-GB/products/280447962,https://digitalcontent.api.tesco.com/v2/media/ghs/10fa1168-c3eb-49d5-983a-28e7dcfe9b62/ad2c6b7e-e74d-4fcb-8f61-e56aeef9e63d_2009382254.jpeg?h=225&w=225,Food Cupboard,Cereals
292991312,Tesco Instant Oats - Apple & Blueberry 55g,£0.43,£0.78/100g,,,False,,False,4.6,99,False,https://www.tesco.com/groceries/en-GB/products/292991312,https://digitalcontent.api.tesco.com/v2/media/ghs/a2bf1a7a-4b2a-4e93-9d48-2a9693153cc2/2cfb1f7f-8f18-492a-b86c-f36d1b7abb8e_853810211.jpeg?h=225&w=225,Food Cupboard,Cereals
252861844,"Kellogg's Coco Pops Chocolate Cereal Bars Multipack, 6x20g",£1.35,£1.12/100g,,,False,,False,,3,False,https://www.tesco.com/groceries/en-GB/products/252861844,https://digitalcontent.api.tesco.com/v2/media/ghs/d96b810f-1e3e-4dbe-8091-acfe07c1357e/5cd1e7b9-39fe-4ef9-9790-5f13cd214f0f_1896533101.jpeg?h=225&w=225,Food Cupboard,Cereals
254853776,Tesco Scottish Oats Porridge 1Kg,£1.25,£0.12/100g,,,False,,False,2.6,95,False,https://www.tesco.com/groceries/en-GB/products/254853776,https://digitalcontent.api.tesco.com/v2/media/ghs/b77b4f2b-9a12-4b98-9a0a-039fe7d0ef53/8ab1337c-6d55-4c93-9b1a-e875aaea4eec_598568387.jpeg?h=225&w=225,Food Cupboard,Cereals
254852938,Tesco Wheat Biscuits Cereal 24 Pack,£1.90,£0.08/each,,,False,,False,3.7,65,False,https://www.tesco.com/groceries/en-GB/products/254852938,https://digitalcontent.api.tesco.com/v2/media/ghs/78606e9a-e35c-453d-ab3d-a80894448b96/7544d8f8-35d8-4e2d-836b-d8ee5de26035_2117451949.jpeg?h=225&w=225,Food Cupboard,Cereals
299669085,Grower's Harvest Porridge Oats 1Kg,£0.99,£0.10/100g,,,False,,False,3.2,164,False,https://www.tesco.com/groceries/en-GB/products/299669085,https://digitalcontent.api.tesco.com/v2/media/ghs/5bed0811-7590-4e92-8716-0d4bef78c3c8/5e57c749-cb99-4c61-9a0d-2623c7c58d9b_673709411.jpeg?h=225&w=225,Food Cupboard,Cereals
300594937,Tesco Bran Flakes 750G,£1.40,£0.19/100g,,,False,,False,3.8,84,False,https://www.tesco.com/groceries/en-GB/products/300594937,https://digitalcontent.api.tesco.com/v2/media/ghs/17adbd9d-0780-4c9c-8325-3a44d0a4036c/931ccb79-67ca-4a19-84d7-38bc25d1c039_1569973467.jpeg?h=225&w=225,Food Cupboard,Cereals
275905217,Tesco Choco Nut Pillows Cereal 375g,£0.99,£0.26/100g,,,False,,False,2.5,49,False,https://www.tesco.com/groceries/en-GB/products/275905217,https://digitalcontent.api.tesco.com/v2/media/ghs/09ebe20c-4177-4dfe-8706-8fb544c944ec/24ab7e69-1b8c-4a14-84eb-e0a3cddae739_973064249.jpeg?h=225&w=225,Food Cupboard,Cereals
261084892,Tesco Low Fat Red Fruit Special Flakes 375g,£1.55,£0.41/100g,,,False,,False,2.8,108,False,https://www.tesco.com/groceries/en-GB/products/261084892,https://digitalcontent.api.tesco.com/v2/media/ghs/564201b8-00a7-45fd-98bf-72b3249dbb50/43b08b7e-70e7-4a65-a30e-3e4c3808f6ed_2132839616.jpeg?h=225&w=225,Food Cupboard,Cereals
292975954,Tesco Milk Choco Pillows Cereal 375g,£0.99,£0.26/100g,,,False,,False,2.3,47,False,https://www.tesco.com/groceries/en-GB/products/292975954,https://digitalcontent.api.tesco.com/v2/media/ghs/37e64225-0808-44b5-b7da-92622a589937/c6ef2ceb-628a-4c68-94d2-51af67cc37d7_1017879660.jpeg?h=225&w=225,Food Cupboard,Cereals
254853062,Tesco Fruit & Fibre Cereal 750G,£1.45,£0.19/100g,,,False,,False,3.4,114,False,https://www.tesco.com/groceries/en-GB/products/254853062,https://digitalcontent.api.tesco.com/v2/media/ghs/55be2948-161e-4020-ab68-37fdd293eefa/11a9e4a3-9a16-4dc6-9319-898b4a64dad8_98515595.jpeg?h=225&w=225,Food Cupboard,Cereals
293046578,Tesco Choco Hoops Cereal 375G,£0.79,£0.21/100g,,,False,,False,4.6,62,False,https://www.tesco.com/groceries/en-GB/products/293046578,https://digitalcontent.api.tesco.com/v2/media/ghs/adc12ae8-1c5c-45dd-9cbf-c18723ae134b/fb6cf952-b2db-4f1e-8ffe-807d4710f222_1887537747.jpeg?h=225&w=225,Food Cupboard,Cereals
256455294,Tesco Multigrain Hoops Cereal 375G,£0.85,£0.23/100g,,,False,,False,3.7,55,False,https://www.tesco.com/groceries/en-GB/products/256455294,https://digitalcontent.api.tesco.com/v2/media/ghs/6cb3e3ac-6c84-4503-abf4-05cc5fcc57cc/e486e5c2-744f-45bc-8c03-5550c58b83fb_764680249.jpeg?h=225&w=225,Food Cupboard,Cereals
250181131,Tesco Malt Wheats Cereal 750G,£1.02,£0.14/100g,,,False,,False,,93,False,https://www.tesco.com/groceries/en-GB/products/250181131,https://digitalcontent.api.tesco.com/v2/media/ghs/75837dbb-9709-47f1-8c7f-dbb663fa622d/05320608-0685-400d-ae12-2d5a498e781c_1083598722.jpeg?h=225&w=225,Food Cupboard,Cereals
254852685,Tesco Frosted Flakes Cereal 500G,£1.00,£0.20/100g,,,False,,False,3.5,60,False,https://www.tesco.com/groceries/en-GB/products/254852685,https://digitalcontent.api.tesco.com/v2/media/ghs/872891de-abd2-4149-9f0e-ac8197c0d3e5/ffe694fc-cb93-45b6-b548-25ab19ab11f6_2095599229.jpeg?h=225&w=225,Food Cupboard,Cereals
292975729,Tesco Honey Hoops Cereal 375G,£0.79,£0.21/100g,,,False,,False,,87,False,https://www.tesco.com/groceries/en-GB/products/292975729,https://digitalcontent.api.tesco.com/v2/media/ghs/b260986c-3429-4afa-b8ca-f6486195dc3e/07865cac-9994-4762-a91b-311110f82d0e_239845218.jpeg?h=225&w=225,Food Cupboard,Cereals
285364305,Tesco Rice Snaps Cereal 375G,£0.79,£0.21/100g,,,False,,False,3.9,56,False,https://www.tesco.com/groceries/en-GB/products/285364305,https://digitalcontent.api.tesco.com/v2/media/ghs/582b3e2a-6d9a-4871-a9b7-8a2c0a8b7e53/34fd7195-1b20-4c86-a3f4-b9e0119db7fa_1117877975.jpeg?h=225&w=225,Food Cupboard,Cereals
254842766,Tesco Corn Flakes 500g,£0.89,£0.18/100g,,,False,,False,3.7,90,False,https://www.tesco.com/groceries/en-GB/products/254842766,https://digitalcontent.api.tesco.com/v2/media/ghs/9480b0ba-2e2e-47ae-a227-4c765b37a410/2c3bf8f3-425e-48fc-9314-42350a587654_1262288646.jpeg?h=225&w=225,Food Cupboard,Cereals
254852950,Tesco Wheat Biscuits Cereal 48 Pack,£2.75,£0.06/each,,,False,,False,4.4,89,False,https://www.tesco.com/groceries/en-GB/products/254852950,https://digitalcontent.api.tesco.com/v2/media/ghs/0741abc3-a29b-4ada-b5e2-1d9639a5d87a/20026dac-eafe-45a6-97c0-06628d34e2f1_1841170208.jpeg?h=225&w=225,Food Cupboard,Cereals
259901096,Weetabix Cereal 72 Pack,£6.49,£0.09/each,,,False,,False,4.2,12,False,https://www.tesco.com/groceries/en-GB/products/259901096,https://digitalcontent.api.tesco.com/v2/media/ghs/61381c3d-07ae-43fb-8ff9-854cabf88b6a/799ac9ed-1d0b-4374-8bd7-2d717d05b741_614669772.jpeg?h=225&w=225,Food Cupboard,Cereals
301601520,Quaker Oat So Simple Original Porridge Pot 45g,£1.30,£2.89/100g,Any 3 for £3 Clubcard Price - Selected Porridge Pots Bars Or Drinks,,True,Offer valid for delivery from 24/02/2025 until 28/02/2026,False,2.6,16,False,https://www.tesco.com/groceries/en-GB/products/301601520,https://digitalcontent.api.tesco.com/v2/media/ghs/c4579f76-3029-4c0b-a894-16cf316e9524/507f3d8c-3ec7-483f-8320-adce3cb9f77f_1353223785.jpeg?h=225&w=225,Food Cupboard,Cereals
308451478,Quaker Oat So Simple Golden Syrup Porridge Sachets 20x36g,£4.50,£0.62/100g,£3.50 Clubcard Price,(£0.49/100g),True,Offer valid for delivery from 16/04/2025 until 13/05/2025,False,3.7,19,False,https://www.tesco.com/groceries/en-GB/products/308451478,https://digitalcontent.api.tesco.com/v2/media/ghs/512d81f8-cc2f-4bdb-b3f4-7f352b5ae593/5586db13-7d87-47f2-a054-3681d6843679_1076062842.jpeg?h=225&w=225,Food Cupboard,Cereals
297544898,BelVita Soft Bakes Choco Hazelnut Filled Biscuits 5 Pack 250G,£2.95,£1.18/100g,,,False,,False,3.6,14,False,https://www.tesco.com/groceries/en-GB/products/297544898,https://digitalcontent.api.tesco.com/v2/media/ghs/3c8ec4a0-7a6d-40ed-97d2-11fd099019b0/0a523545-3155-4f3e-a380-8f4fcf272e12_1310549641.jpeg?h=225&w=225,Food Cupboard,Cereals
252738421,Kellogg's Special K Red Berries Breakfast Cereal 500g,£4.20,£0.84/100g,£3.75 Clubcard Price,(£0.75/100g),True,Offer valid for delivery from 16/04/2025 until 13/05/2025,False,4.6,99,False,https://www.tesco.com/groceries/en-GB/products/252738421,https://digitalcontent.api.tesco.com/v2/media/ghs/469e0a48-7ce1-4154-bb2d-4a92ee96272f/cf93f4a6-b3d1-4fbd-84bc-6863441c4888_653151096.jpeg?h=225&w=225,Food Cupboard,Cereals
308457184,Quaker Oat So Simple Original Porridge Sachets 10x27g,£3.50,£1.30/100g,Any 2 for £4.50 Clubcard Price - Selected Quaker Oat So Simple Porridge,,True,Offer valid for delivery from 23/02/2025 until 21/02/2026,False,4.2,34,False,https://www.tesco.com/groceries/en-GB/products/308457184,https://digitalcontent.api.tesco.com/v2/media/ghs/220968d0-a851-4aab-ae37-e59d66f4908c/49608dae-8738-4590-bf74-3b43fe9a19bf_727987319.jpeg?h=225&w=225,Food Cupboard,Cereals
258549232,Kellogg's Special K Cereal - The Original 750g,£4.25,£0.57/100g,£3.75 Clubcard Price,(£0.50/100g),True,Offer valid for delivery from 16/04/2025 until 13/05/2025,False,4.5,72,False,https://www.tesco.com/groceries/en-GB/products/258549232,https://digitalcontent.api.tesco.com/v2/media/ghs/b115fff6-c8f4-4c05-87e5-52d8c37d76b2/8d68ce65-d904-4559-85e6-cf7e9f24a6c1_692537648.jpeg?h=225&w=225,Food Cupboard,Cereals
301013012,BelVita Breakfast Soft Bakes Blueberry 5 Pack 250g,£2.75,£1.10/100g,,,False,,False,4.6,8,False,https://www.tesco.com/groceries/en-GB/products/301013012,https://digitalcontent.api.tesco.com/v2/media/ghs/da6f1d10-4179-4e9a-9c96-de16b7d87bd9/5e42f18a-9156-4b6d-a336-55bd2563d1a7_2122162529.jpeg?h=225&w=225,Food Cupboard,Cereals
308488550,Nestlé Shredded Wheat Bitesize Cereal 720g,£4.25,£0.59/100g,£3.50 Clubcard Price,(£0.49/100g),True,Offer valid for delivery from 09/04/2025 until 10/06/2025,False,4.8,577,False,https://www.tesco.com/groceries/en-GB/products/308488550,https://digitalcontent.api.tesco.com/v2/media/ghs/9757044d-9a9a-442e-bad5-b57df93fc68a/5c74a0cd-28f1-4f31-add8-b7e6fafeb1e8_497276075.jpeg?h=225&w=225,Food Cupboard,Cereals
267210383,Weetabix Chocolate Cereal 24 Pack 540G,£3.75,£0.16/each,,,False,,False,,8,False,https://www.tesco.com/groceries/en-GB/products/267210383,https://digitalcontent.api.tesco.com/v2/media/ghs/a7a46abc-52bb-4974-86e2-7832bef29559/87802460-2a33-4965-963c-ea603554ffa9_1359215171.jpeg?h=225&w=225,Food Cupboard,Cereals
305836092,Kellogg's Fruit & Fibre Cereal 700G,£3.50,£0.50/100g,,,False,,False,4.6,97,False,https://www.tesco.com/groceries/en-GB/products/305836092,https://digitalcontent.api.tesco.com/v2/media/ghs/beca3e38-f433-4e6b-a919-5143d1c6b7f8/fe085440-cadb-4538-ac7d-fce5ea2aaa36_1794430992.jpeg?h=225&w=225,Food Cupboard,Cereals
271757922,Flahavans Irish Organic Porridge 1Kg,£2.70,£0.27/100g,,,False,,False,4.6,59,False,https://www.tesco.com/groceries/en-GB/products/271757922,https://digitalcontent.api.tesco.com/v2/media/ghs/bc972748-e659-4883-81f7-9c85444b6624/296b7e02-55d2-4c7c-a4c2-9ba6daf338e4_313050000.jpeg?h=225&w=225,Food Cupboard,Cereals
275944625,Tesco Superberry Granola 500G,£2.40,£0.48/100g,,,False,,False,3.8,40,False,https://www.tesco.com/groceries/en-GB/products/275944625,https://digitalcontent.api.tesco.com/v2/media/ghs/505f4517-29ee-44c8-9c65-04c482d189eb/05f99ef4-47f4-4f54-ac40-c8b82fa2de84_898601692.jpeg?h=225&w=225,Food Cupboard,Cereals
256039303,Tesco Organic Oats 750G,£2.30,£0.31/100g,,,False,,False,4.1,76,False,https://www.tesco.com/groceries/en-GB/products/256039303,https://digitalcontent.api.tesco.com/v2/media/ghs/4e6bfd1c-e441-4c33-8fd2-6d29fef8ea77/c09fd9c3-9a6c-4112-a9b6-6261234d1b8e_1884634781.jpeg?h=225&w=225,Food Cupboard,Cereals
254852558,Kellogg's All Bran Cereal 750G,£3.20,£0.43/100g,,,False,,False,4.3,124,False,https://www.tesco.com/groceries/en-GB/products/254852558,https://digitalcontent.api.tesco.com/v2/media/ghs/cbe7f04c-95a8-4642-8557-c0f27e87d6a5/d6d64f8c-d518-4eb9-bc32-3b571119587c_432838400.jpeg?h=225&w=225,Food Cupboard,Cereals
314579917,Kellogg's Rice Krispies Cereal 430g,£3.50,£0.81/100g,,,False,,False,4.3,6,False,https://www.tesco.com/groceries/en-GB/products/314579917,https://digitalcontent.api.tesco.com/v2/media/ghs/f479adfb-e522-4466-b52c-b1d666fa06b0/bfd3d33a-31a5-42d8-8e3f-5d89a4883462_42998552.jpeg?h=225&w=225,Food Cupboard,Cereals
314702703,Up & Go Energize Protein Shake - Chocolate 350ml,£1.60,£0.46/100ml,Any 3 for £3 Clubcard Price - Selected Porridge Pots Bars Or Drinks,,True,Offer valid for delivery from 24/02/2025 until 28/02/2026,False,,5,False,https://www.tesco.com/groceries/en-GB/products/314702703,https://digitalcontent.api.tesco.com/v2/media/ghs/3fd362a2-e84b-433d-b35f-4e687b3a586e/b8f15fdf-4717-4c39-9320-055a66b32e78_621784767.jpeg?h=225&w=225,Food Cupboard,Cereals
262972749,Nestlé Shredded Wheat Cereal 30 Biscuits 675g,£3.75,£0.56/100g,,,False,,False,4.8,1058,False,https://www.tesco.com/groceries/en-GB/products/262972749,https://digitalcontent.api.tesco.com/v2/media/ghs/8bfa93e0-c7e0-4bb5-ae4a-d8aef724488c/d6e6a5ce-a638-4bf9-8da6-5be80fa219f1_2056394189.jpeg?h=225&w=225,Food Cupboard,Cereals
292990002,Tesco Strawberry Crisp Cereal 500G,£2.10,£0.42/100g,,,False,,False,2.9,46,False,https://www.tesco.com/groceries/en-GB/products/292990002,https://digitalcontent.api.tesco.com/v2/media/ghs/2123e7bd-c25f-47ba-ae1c-02c22e628eb0/7643951e-6e98-4cac-885c-271630edba8b_1729959146.jpeg?h=225&w=225,Food Cupboard,Cereals
314104737,Kellogg's Coco Pops Mega Pops Cereal 365g,£3.30,£0.90/100g,,,False,,False,4.7,108,False,https://www.tesco.com/groceries/en-GB/products/314104737,https://digitalcontent.api.tesco.com/v2/media/ghs/ba0956b4-c703-4895-a268-20c7576203e3/151669f9-b62a-4d09-b170-02a9afafd5f5_206754068.jpeg?h=225&w=225,Food Cupboard,Cereals
293837253,Nature Valley Protein Peanut & Chocolate Bars 4 x 40g,£3.00,£1.88/100g,,,False,,False,4.3,53,False,https://www.tesco.com/groceries/en-GB/products/293837253,https://digitalcontent.api.tesco.com/v2/media/ghs/a2318c31-c5a3-4df6-bb62-c7e4cdc23cfd/0c0e034d-68a3-4d99-a4f6-fe5a10555783_1173145825.jpeg?h=225&w=225,Food Cupboard,Cereals
268588694,Quaker Jumbo Porridge Oats 1kg,£2.95,£0.30/100g,£2.00 Clubcard Price,(£0.20/100g),True,Offer valid for delivery from 31/03/2025 until 13/05/2025,False,3.7,14,False,https://www.tesco.com/groceries/en-GB/products/268588694,https://digitalcontent.api.tesco.com/v2/media/ghs/d95766d2-0ba0-4bed-b647-7c1b6e8d02ed/6c9a45ba-b7be-401a-8492-c4118533b6cb_131673397.jpeg?h=225&w=225,Food Cupboard,Cereals
292989362,Tesco Nut & Maple Crisp Cereal 500G,£2.10,£0.42/100g,,,False,,False,3.7,70,False,https://www.tesco.com/groceries/en-GB/products/292989362,https://digitalcontent.api.tesco.com/v2/media/ghs/fbf65a62-7284-49d6-a1a3-5f7c7835f24f/19229d15-cf21-475b-b716-949587642c67_466028047.jpeg?h=225&w=225,Food Cupboard,Cereals
263894828,Quaker Oat So Simple Porridge Sachets - Golden Syrup 10x36g,£3.50,£0.97/100g,Any 2 for £4.50 Clubcard Price - Selected Quaker Oat So Simple Porridge,,True,Offer valid for delivery from 23/02/2025 until 21/02/2026,False,4.3,46,False,https://www.tesco.com/groceries/en-GB/products/263894828,https://digitalcontent.api.tesco.com/v2/media/ghs/08674e55-24a3-4cea-b894-a3dd5444e8fa/3848f3d3-51a8-4546-b7c0-dcce95c73499_1429478997.jpeg?h=225&w=225,Food Cupboard,Cereals
273686870,BelVita Breakfast Biscuits Strawberry & Yogurt Crunch 5 Pack 253G,£2.75,£1.09/100g,£1.75 Clubcard Price,(£0.69/100g),True,Offer valid for delivery from 26/03/2025 until 22/04/2025,False,3.5,8,False,https://www.tesco.com/groceries/en-GB/products/273686870,https://digitalcontent.api.tesco.com/v2/media/ghs/9abb3cbb-e7e8-4d87-bd9e-93c8d390e243/5f7f4485-70c7-4387-87e8-4989cc407fad_188895088.jpeg?h=225&w=225,Food Cupboard,Cereals
313748846,FUEL10K Golden Syrup Protein Porridge Oat Cereal Sachets 10x36g,£2.75,£0.76/100g,£2.00 Clubcard Price,(£0.56/100g),True,Offer valid for delivery from 31/03/2025 until 21/04/2025,False,4.8,46,False,https://www.tesco.com/groceries/en-GB/products/313748846,https://digitalcontent.api.tesco.com/v2/media/ghs/baa56ae2-090b-4dbc-928f-81ded594b0e2/ee392767-0a90-4778-9c3c-3773abcb22e4_1540027062.jpeg?h=225&w=225,Food Cupboard,Cereals
312995894,FUEL10K Chocolate Protein Porridge Oat Cereal Sachets 10x36g,£2.75,£0.76/100g,£2.00 Clubcard Price,(£0.56/100g),True,Offer valid for delivery from 31/03/2025 until 21/04/2025,False,4.8,45,False,https://www.tesco.com/groceries/en-GB/products/312995894,https://digitalcontent.api.tesco.com/v2/media/ghs/043b2d71-f255-4391-acc3-325d354315fa/6bdacea6-4af5-4aa0-b7c4-d78ea2ac39a2_942866573.jpeg?h=225&w=225,Food Cupboard,Cereals
254852973,Weetabix Cereal 12 Pack,£2.00,£0.17/each,,,False,,False,4.2,4,False,https://www.tesco.com/groceries/en-GB/products/254852973,https://digitalcontent.api.tesco.com/v2/media/ghs/4fe847b8-be59-418e-925e-019988fd45ad/10a2df29-ffc6-4298-8e7c-c02615ca24fc_990268512.jpeg?h=225&w=225,Food Cupboard,Cereals
301466944,Tesco Honey Granola Bars - Packed with Oats 6 x 30g (180g),£1.45,£0.81/100g,,,False,,False,3.1,63,False,https://www.tesco.com/groceries/en-GB/products/301466944,https://digitalcontent.api.tesco.com/v2/media/ghs/83684311-67bf-45fd-850e-0e7d8bf5387d/170c0042-707d-406f-9b7b-23f7a93ecc95.jpeg?h=225&w=225,Food Cupboard,Cereals
257722420,Jordans Frusli Juicy Blueberries Chewy Cereal Bars 6 x 30g (180g),£2.30,£1.28/100g,,,False,,False,4.4,39,False,https://www.tesco.com/groceries/en-GB/products/257722420,https://digitalcontent.api.tesco.com/v2/media/ghs/cb43068c-f090-423d-ab86-3668292a3cb3/0076e6df-be82-4367-9cbc-9e0e384f18d2_252343258.jpeg?h=225&w=225,Food Cupboard,Cereals
251232560,Go Ahead 6 Fruit & Oat Bakes Apple 210g,£2.00,£0.95/100g,£1.50 Save 25% Clubcard Price,(£0.71/100g),True,Offer valid for delivery from 26/03/2025 until 22/04/2025,False,4.7,140,False,https://www.tesco.com/groceries/en-GB/products/251232560,https://digitalcontent.api.tesco.com/v2/media/ghs/cbb3cbd7-740b-4bd7-a242-9af553217fbb/ce8c213d-d878-4c81-8af6-829441d40b71_1167538271.jpeg?h=225&w=225,Food Cupboard,Cereals
261582803,Go Ahead 6 Fruit & Oat Bakes Strawberry 210g,£2.00,£0.95/100g,£1.50 Save 25% Clubcard Price,(£0.71/100g),True,Offer valid for delivery from 26/03/2025 until 22/04/2025,False,4.7,94,False,https://www.tesco.com/groceries/en-GB/products/261582803,https://digitalcontent.api.tesco.com/v2/media/ghs/6c705aee-1882-42ca-b12e-7cec3624dc9f/8f04c7d4-8cc9-4b2c-b65f-edb07974b1fb_383474814.jpeg?h=225&w=225,Food Cupboard,Cereals
309786149,Kellogg's Blueberry Wheats 500g,£1.95,£0.39/100g,,,False,,False,,157,False,https://www.tesco.com/groceries/en-GB/products/309786149,https://digitalcontent.api.tesco.com/v2/media/ghs/f329375e-2077-496a-a791-2bc26d6ecb88/07888eb5-e320-4165-9da3-4fc083f52e8e_1565945530.jpeg?h=225&w=225,Food Cupboard,Cereals
250202816,Kellogg's Rice Krispies Squares Curious Caramel & Chocolate Bars 4x36g,£2.25,£1.56/100g,£1.65 Save 25% Clubcard Price,(£1.15/100g),True,Offer valid for delivery from 26/02/2025 until 22/04/2025,False,4.5,12,False,https://www.tesco.com/groceries/en-GB/products/250202816,https://digitalcontent.api.tesco.com/v2/media/ghs/189980f3-1d7f-412f-b19b-d5418df7772c/25c21846-e0a9-4f1a-ae70-ba2fb19245d4_907334965.jpeg?h=225&w=225,Food Cupboard,Cereals
252330246,Scott's Porage Old Fashioned Porridge Oats 1kg,£2.95,£0.30/100g,£2.00 Clubcard Price,(£0.20/100g),True,Offer valid for delivery from 31/03/2025 until 13/05/2025,False,3.9,14,False,https://www.tesco.com/groceries/en-GB/products/252330246,https://digitalcontent.api.tesco.com/v2/media/ghs/60cedb0a-6fec-4b89-97cc-f35c0411ddac/36cda1d3-5885-4a6b-9373-cbf9d548689e_1209186342.jpeg?h=225&w=225,Food Cupboard,Cereals
297543012,NUTELLA B-ready Bars Multipack 6 X 22g (132g),£2.45,£1.86/100g,£1.70 Clubcard Price,(£1.29/100g),True,Offer valid for delivery from 31/03/2025 until 21/04/2025,False,,4,False,https://www.tesco.com/groceries/en-GB/products/297543012,https://digitalcontent.api.tesco.com/v2/media/ghs/a85b34a8-4d1e-4dbc-9a39-a952834211dc/3539a37a-c713-4647-8aef-955eecfe2e8b_1478495170.jpeg?h=225&w=225,Food Cupboard,Cereals
285047399,Tesco Crunchy Cookie Cereal 325G,£1.60,£0.49/100g,,,False,,False,4.5,32,False,https://www.tesco.com/groceries/en-GB/products/285047399,https://digitalcontent.api.tesco.com/v2/media/ghs/df357480-4dcf-4b8f-940b-6ce0ee8e6ec7/67dd1c6e-3e42-4801-8bdb-329a839290b8_534306918.jpeg?h=225&w=225,Food Cupboard,Cereals
297544790,BelVita Breakfast Biscuits Milk & Cereals 5 Pack 225G,£1.20,£0.53/100g,,,False,,False,4.4,37,False,https://www.tesco.com/groceries/en-GB/products/297544790,https://digitalcontent.api.tesco.com/v2/media/ghs/30451d35-a562-4a1b-aaf0-68f659490a54/cb588131-5deb-4546-8021-066de85ac964_60624037.jpeg?h=225&w=225,Food Cupboard,Cereals
297544938,BelVita Breakfast Biscuits Honey & Nut 5 Pack 225G,£1.20,£0.53/100g,,,False,,False,4.3,40,False,https://www.tesco.com/groceries/en-GB/products/297544938,https://digitalcontent.api.tesco.com/v2/media/ghs/48552b36-c978-4d53-be99-6a1f41f503bf/6206175d-4a56-4a4b-bf3f-9e4370277b78_1398287005.jpeg?h=225&w=225,Food Cupboard,Cereals
297544633,BelVita Breakfast Biscuits Cocoa Chocolate Chip 5 Pack 225G,£1.20,£0.53/100g,,,False,,False,4.7,29,False,https://www.tesco.com/groceries/en-GB/products/297544633,https://digitalcontent.api.tesco.com/v2/media/ghs/11cc3540-8848-48c2-bb9e-5820c8c4df74/c2089498-14e6-4910-8fe3-96d61c700534_1625594228.jpeg?h=225&w=225,Food Cupboard,Cereals
252882312,"Kellogg's Frosties Milk Cereal Bars Multipack, 6x25g",£1.35,£0.90/100g,,,False,,False,4.8,61,False,https://www.tesco.com/groceries/en-GB/products/252882312,https://digitalcontent.api.tesco.com/v2/media/ghs/2f4dc2b0-ec3f-4cde-85fc-092ec312884b/4ecec757-9d10-4b84-b399-c7b03bc4b4f9_1088167041.jpeg?h=225&w=225,Food Cupboard,Cereals
252040802,"Kellogg's Rice Krispies Milk Cereal Bars Multipack, 6x20g",£1.35,£1.12/100g,,,False,,False,4.7,62,False,https://www.tesco.com/groceries/en-GB/products/252040802,https://digitalcontent.api.tesco.com/v2/media/ghs/4a9699d7-9add-45e1-8a4c-6f3ca5bfe653/6b45e759-3d53-42b0-9a6a-92bcf9e8eb60_1568492192.jpeg?h=225&w=225,Food Cupboard,Cereals
301466921,Tesco 6 Coconut & Chocolate Bars 180G,£1.45,£0.81/100g,,,False,,False,4.4,32,False,https://www.tesco.com/groceries/en-GB/products/301466921,https://digitalcontent.api.tesco.com/v2/media/ghs/62640b84-2e59-492e-b63a-c99d4925cb5f/444b92c7-86ea-443a-905b-7985df599c7f_300534145.jpeg?h=225&w=225,Food Cupboard,Cereals
262580101,Tesco Fruit & Nut Granola 1Kg,£2.00,£0.20/100g,,,False,,False,,46,False,https://www.tesco.com/groceries/en-GB/products/262580101,https://digitalcontent.api.tesco.com/v2/media/ghs/b7f3c3b4-774b-443c-a437-2aeed0e9eed5/47932a7e-5eae-4e38-998e-c987a24f3775_385471542.jpeg?h=225&w=225,Food Cupboard,Cereals
262580389,Tesco Tropical Fruits Granola 1Kg,£2.00,£0.20/100g,,,False,,False,3.7,55,False,https://www.tesco.com/groceries/en-GB/products/262580389,https://digitalcontent.api.tesco.com/v2/media/ghs/d8813124-00cf-4b14-989f-71540640b574/f3b136bd-0bb2-4e09-b885-71205076164d_1611079929.jpeg?h=225&w=225,Food Cupboard,Cereals
300455629,Stockwell & Co 24 Wheat Biscuits 432G,£1.20,£0.28/100g,,,False,,False,,106,False,https://www.tesco.com/groceries/en-GB/products/300455629,https://digitalcontent.api.tesco.com/v2/media/ghs/a6ed4d1b-71c1-48f6-a903-97d8d5cbcb95/c6ca7d23-d185-4092-bafd-9a83283dd6ac_1214146914.jpeg?h=225&w=225,Food Cupboard,Cereals
299260493,Quaker Protein Oat So Simple Golden Syrup Porridge Pot 63g,£1.30,£2.06/100g,Any 3 for £3 Clubcard Price - Selected Porridge Pots Bars Or Drinks,,True,Offer valid for delivery from 24/02/2025 until 28/02/2026,False,4.7,3,False,https://www.tesco.com/groceries/en-GB/products/299260493,https://digitalcontent.api.tesco.com/v2/media/ghs/3e1578c5-c3ee-46b9-8869-2068120b4a85/f9353ba6-eaa8-4ae3-b7a7-ba18b0186631_2072403566.jpeg?h=225&w=225,Food Cupboard,Cereals
271515304,FUEL10K Chocolate Chunks Protein Granola Breakfast Cereal 400g,£3.50,£0.88/100g,£2.75 Clubcard Price,(£0.69/100g),True,Offer valid for delivery from 16/04/2025 until 13/05/2025,False,4.3,43,False,https://www.tesco.com/groceries/en-GB/products/271515304,https://digitalcontent.api.tesco.com/v2/media/ghs/a4855adf-00da-4d22-b4e1-1d813c001306/2be30782-5205-47b5-89c0-f18f0e0b0fcd_195405767.jpeg?h=225&w=225,Food Cupboard,Cereals
254853914,Ready Brek Original Porridge 750G,£3.45,£0.46/100g,,,False,,False,,,False,https://www.tesco.com/groceries/en-GB/products/254853914,https://digitalcontent.api.tesco.com/v2/media/ghs/d82a0cc5-c01e-4fc0-8191-3c616ed20f89/803615ac-f78d-4436-bc82-aa93d2aeaf6d_1679634834.jpeg?h=225&w=225,Food Cupboard,Cereals
300399973,Tesco Finest Super Nutty Granola 500G,£3.00,£0.60/100g,,,False,,False,3.1,63,False,https://www.tesco.com/groceries/en-GB/products/300399973,https://digitalcontent.api.tesco.com/v2/media/ghs/5da1dc40-f855-4885-a5ee-1190e8888291/8674ba4e-afa3-443a-8097-1b3d448237e8_834473710.jpeg?h=225&w=225,Food Cupboard,Cereals
297040929,Jordans Crunchy Granola Raisin Almond 750G,£3.75,£0.50/100g,,,False,,False,4.1,32,False,https://www.tesco.com/groceries/en-GB/products/297040929,https://digitalcontent.api.tesco.com/v2/media/ghs/36c5b4e5-ae23-417c-9300-27487c653f78/98f3a9f4-86d8-4107-acf2-658fa4e67819_1898005600.jpeg?h=225&w=225,Food Cupboard,Cereals
259650305,Tesco Sultana Bran Cereal 750G,£3.00,£0.40/100g,,,False,,False,3.7,46,False,https://www.tesco.com/groceries/en-GB/products/259650305,https://digitalcontent.api.tesco.com/v2/media/ghs/faffd5bd-a8a7-426d-a519-427af042c2a8/6ec53a9e-a451-4aba-9a83-cf9acd28d546_1190157522.jpeg?h=225&w=225,Food Cupboard,Cereals
285398720,Jordans Simply Granola 750G,£3.75,£0.50/100g,,,False,,False,4.3,23,False,https://www.tesco.com/groceries/en-GB/products/285398720,https://digitalcontent.api.tesco.com/v2/media/ghs/df2a6f6d-fb2c-40cc-87ed-bb7760eaab3b/ea5041d0-da3f-40f6-a619-38f847ccb356_1288346028.jpeg?h=225&w=225,Food Cupboard,Cereals
282723174,Kellogg's Crunchy Nut Granola - Hazelnut & Chocolate 380g,£3.30,£0.87/100g,£2.75 Clubcard Price,(£0.72/100g),True,Offer valid for delivery from 16/04/2025 until 13/05/2025,False,4.7,135,False,https://www.tesco.com/groceries/en-GB/products/282723174,https://digitalcontent.api.tesco.com/v2/media/ghs/fe451db0-4fd5-4e68-b08c-e5b92bf1a911/a86f1cac-6306-4d4d-a289-366d0f4b66ae_1991035743.jpeg?h=225&w=225,Food Cupboard,Cereals
265527098,Jordans Natural Muesli 1Kg,£3.85,£0.38/100g,,,False,,False,3.9,50,False,https://www.tesco.com/groceries/en-GB/products/265527098,https://digitalcontent.api.tesco.com/v2/media/ghs/eb99d7a7-f3ce-4d7b-86b1-2fca9ef1711b/a8cd7403-c13f-42d3-add1-1ccd46ad5c8b_1727374557.jpeg?h=225&w=225,Food Cupboard,Cereals
308450905,Nestlé Cheerios Honey Cereal 575g,£3.90,£0.68/100g,£3.00 Clubcard Price,(£0.52/100g),True,Offer valid for delivery from 09/04/2025 until 20/05/2025,False,4.7,312,False,https://www.tesco.com/groceries/en-GB/products/308450905,https://digitalcontent.api.tesco.com/v2/media/ghs/6ee55e9a-8439-48ac-b24b-6d2ac5594109/479d8196-e38f-4799-951b-3c6d2d39707f_1011005047.jpeg?h=225&w=225,Food Cupboard,Cereals
303313472,FUEL10K High Protein Golden Syrup Porridge Oat Cereal Pot 70g,£1.35,£1.93/100g,Any 3 for £3 Clubcard Price - Selected Porridge Pots Bars Or Drinks,,True,Offer valid for delivery from 24/02/2025 until 28/02/2026,False,4.6,41,False,https://www.tesco.com/groceries/en-GB/products/303313472,https://digitalcontent.api.tesco.com/v2/media/ghs/e324176b-3495-47ca-a9f4-16f271524799/fba16498-2e12-40b6-81cd-4d9a2f8f8155_1150170172.jpeg?h=225&w=225,Food Cupboard,Cereals
257050667,Nestle Shredded Wheat Cereal - Honey & Nut 500g,£3.50,£0.70/100g,£2.50 Clubcard Price,(£0.50/100g),True,Offer valid for delivery from 16/04/2025 until 13/05/2025,False,4.7,319,False,https://www.tesco.com/groceries/en-GB/products/257050667,https://digitalcontent.api.tesco.com/v2/media/ghs/118e336b-7be8-4c93-a495-6ced392664ee/e061ad80-dcc9-49c1-984c-ee8a7ea6b980_1840883866.jpeg?h=225&w=225,Food Cupboard,Cereals
303313495,FUEL10K High Protein Chocolate Porridge Oat Cereal Pot 70g,£1.35,£1.93/100g,Any 3 for £3 Clubcard Price - Selected Porridge Pots Bars Or Drinks,,True,Offer valid for delivery from 24/02/2025 until 28/02/2026,False,4.3,51,False,https://www.tesco.com/groceries/en-GB/products/303313495,https://digitalcontent.api.tesco.com/v2/media/ghs/62f96127-7ea0-45d0-b1be-7b2b035e9fcc/952dfae9-c708-48a6-bfdf-0bcf637b46ba_18027447.jpeg?h=225&w=225,Food Cupboard,Cereals
299668800,Nestle Cookie Crisp Cereal 500g,£3.30,£0.66/100g,£2.50 Clubcard Price,(£0.50/100g),True,Offer valid for delivery from 16/04/2025 until 13/05/2025,False,3.7,10,False,https://www.tesco.com/groceries/en-GB/products/299668800,https://digitalcontent.api.tesco.com/v2/media/ghs/0d468938-6fbb-42dd-85f3-e8eab5696a24/e8718d8f-ed6a-4f6f-88dc-dc4bb01effbb_1204298125.jpeg?h=225&w=225,Food Cupboard,Cereals
254852570,Kellogg's Bran Flakes Breakfast Cereal 750g,£3.00,£0.40/100g,,,False,,False,4.7,130,False,https://www.tesco.com/groceries/en-GB/products/254852570,https://digitalcontent.api.tesco.com/v2/media/ghs/8d4c9855-ec1a-4990-9c08-d99f6b8fbdab/a5adeefb-7d59-40e6-a420-f413e44a1402_1446121717.jpeg?h=225&w=225,Food Cupboard,Cereals
297544535,BelVita Breakfast Biscuits Milk & Cereals 12 Pack Multipack 540G,£2.80,£0.52/100g,,,False,,False,4.4,61,False,https://www.tesco.com/groceries/en-GB/products/297544535,https://digitalcontent.api.tesco.com/v2/media/ghs/219398e4-0ce5-407e-b1e0-7da0c919f2f5/e3c4617e-9c1e-4d09-a3e5-b236ae66d6fa_1897723799.jpeg?h=225&w=225,Food Cupboard,Cereals
314114875,Nestle Kit Kat Cereal 330G,£3.50,£1.06/100g,£2.50 Clubcard Price,(£0.76/100g),True,Offer valid for delivery from 17/03/2025 until 21/04/2025,False,4.3,603,False,https://www.tesco.com/groceries/en-GB/products/314114875,https://digitalcontent.api.tesco.com/v2/media/ghs/fefa7015-f461-4a28-9e09-19e4d903edfd/2c8c4a13-52d9-43cd-9446-61abaefb9ffd_1762878668.jpeg?h=225&w=225,Food Cupboard,Cereals
294995640,Nakd Peanut Delight Raw Fruit & Nut Bar 4x35g,£3.00,£2.14/100g,£2.25 Save 25% Clubcard Price,(£1.61/100g),True,Offer valid for delivery from 16/04/2025 until 25/05/2025,False,4.6,36,False,https://www.tesco.com/groceries/en-GB/products/294995640,https://digitalcontent.api.tesco.com/v2/media/ghs/e2809307-d7fb-4077-995c-5bf0a83c3548/8bd70c02-e992-4214-9bc8-e6939f972534_1578272719.jpeg?h=225&w=225,Food Cupboard,Cereals
267952414,Kellogg's Nutri-Grain Strawberry Snack Bars 6x37g,£2.30,£1.04/100g,,,False,,False,4.5,55,False,https://www.tesco.com/groceries/en-GB/products/267952414,https://digitalcontent.api.tesco.com/v2/media/ghs/a9b32f01-7bbe-4818-a8e2-47d403e8809e/bd9d06ef-53b0-48b2-8d5a-b54cc80c7f88_1057164020.jpeg?h=225&w=225,Food Cupboard,Cereals
306498253,Tesco Multigrain Boulders 325G,£2.00,£0.62/100g,,,False,,False,,37,False,https://www.tesco.com/groceries/en-GB/products/306498253,https://digitalcontent.api.tesco.com/v2/media/ghs/69015f8d-3f61-4132-86eb-d2b515955140/c448d2a9-82be-449d-a500-c2d212e9058c_448453010.jpeg?h=225&w=225,Food Cupboard,Cereals
314605254,Kellogg's Coco Pops Cereal 420g,£3.50,£0.83/100g,,,False,,False,2.9,10,False,https://www.tesco.com/groceries/en-GB/products/314605254,https://digitalcontent.api.tesco.com/v2/media/ghs/1e03e771-208f-4a42-92c0-3b3645a649ad/3f092da7-adf8-4454-8abd-f123ab2b118f_457153236.jpeg?h=225&w=225,Food Cupboard,Cereals
276671214,FUEL10K Chocolate High Protein Milk Breakfast Drink 330ml,£1.50,£0.46/100ml,Any 3 for £3 Clubcard Price - Selected Porridge Pots Bars Or Drinks,,True,Offer valid for delivery from 24/02/2025 until 28/02/2026,False,4.5,37,False,https://www.tesco.com/groceries/en-GB/products/276671214,https://digitalcontent.api.tesco.com/v2/media/ghs/5fdd87ec-5d9a-46e3-9fd4-8a3e38a21d04/d19a613e-1164-48fd-920e-26ea3e853c75_1435323360.jpeg?h=225&w=225,Food Cupboard,Cereals
256184216,Tesco Super Smooth Porridge 750G,£2.15,£0.29/100g,,,False,,False,4.5,49,False,https://www.tesco.com/groceries/en-GB/products/256184216,https://digitalcontent.api.tesco.com/v2/media/ghs/309e92c2-a02e-4454-8952-6cf3fdf602a7/e6e2b784-c45a-45bb-bcc3-7af58643425f_1381874228.jpeg?h=225&w=225,Food Cupboard,Cereals
300916564,Tesco Free From Branflakes 300G,£2.10,£0.70/100g,,,False,,False,4.8,54,False,https://www.tesco.com/groceries/en-GB/products/300916564,https://digitalcontent.api.tesco.com/v2/media/ghs/7c9f7123-e9b5-4407-a792-f1f871b33523/3b34fe4e-714d-492a-bd48-c91e9ff9d8e9.jpeg?h=225&w=225,Food Cupboard,Cereals
312367434,Graze Lemon Blueberry Oat Boosts Flapjack Snack 4x30G,£2.75,£2.29/100g,£1.75 Clubcard Price,(£1.46/100g),True,Offer valid for delivery from 26/03/2025 until 25/05/2025,False,4.7,329,False,https://www.tesco.com/groceries/en-GB/products/312367434,https://digitalcontent.api.tesco.com/v2/media/ghs/7caf5d7f-988d-4e96-997a-d282123cfa56/51c47184-a999-43d5-a07c-0259e21389e5_2041568114.jpeg?h=225&w=225,Food Cupboard,Cereals
296445631,Graze Cocoa Vanilla Oat Boosts Flapjack Snack 4x30G,£2.75,£2.29/100g,£1.75 Clubcard Price,(£1.46/100g),True,Offer valid for delivery from 26/03/2025 until 25/05/2025,False,4.5,347,False,https://www.tesco.com/groceries/en-GB/products/296445631,https://digitalcontent.api.tesco.com/v2/media/ghs/17440ca5-4e52-4bff-88d2-6398e395a118/bcd7ad42-5b1a-427e-ad71-f0e7dbf97382_1820562505.jpeg?h=225&w=225,Food Cupboard,Cereals
262103796,Kellogg's Nutri-Grain Bakes Raisin Snack Bars 6x45g,£2.50,£0.93/100g,£1.75 Clubcard Price,(£0.65/100g),True,Offer valid for delivery from 27/03/2025 until 22/04/2025,False,4.6,8,False,https://www.tesco.com/groceries/en-GB/products/262103796,https://digitalcontent.api.tesco.com/v2/media/ghs/9fbdc253-60d6-4cd9-80b8-d7eba78971b6/b01a02bc-4904-4cef-9aed-f135e9263f62_874684816.jpeg?h=225&w=225,Food Cupboard,Cereals
262103875,Kellogg's Nutri-Grain Bakes Chocolate 6 x 45g,£2.50,£0.93/100g,£1.75 Clubcard Price,(£0.65/100g),True,Offer valid for delivery from 27/03/2025 until 22/04/2025,False,4.5,54,False,https://www.tesco.com/groceries/en-GB/products/262103875,https://digitalcontent.api.tesco.com/v2/media/ghs/ee549842-52d3-4ade-965a-b09dd97f90fd/a5743ace-0577-4ab2-90b9-98aa671ce806_957152068.jpeg?h=225&w=225,Food Cupboard,Cereals
257722339,Jordans Frusli Chewy Cereal Bars - Juicy Red Berry 6 x 30g (180g),£2.30,£1.28/100g,,,False,,False,4.3,32,False,https://www.tesco.com/groceries/en-GB/products/257722339,https://digitalcontent.api.tesco.com/v2/media/ghs/4e73b245-0c20-4f14-a086-23d09ba7998e/f2f467e4-8a18-426b-baf9-ee66dcb42a8a_532067841.jpeg?h=225&w=225,Food Cupboard,Cereals
305957576,Kellogg's Wheats Frosted Breakfast Cereal 500g,£1.95,£0.39/100g,,,False,,False,4.7,106,False,https://www.tesco.com/groceries/en-GB/products/305957576,https://digitalcontent.api.tesco.com/v2/media/ghs/282b4d8e-ddff-4304-9838-9c304a902900/51ea6d4d-9a45-47db-a195-404435504ab0_1293322840.jpeg?h=225&w=225,Food Cupboard,Cereals
263894926,Quaker Oat So Simple Apple & Blueberry Porridge Sachets 10x36g,£3.50,£0.97/100g,Any 2 for £4.50 Clubcard Price - Selected Quaker Oat So Simple Porridge,,True,Offer valid for delivery from 23/02/2025 until 21/02/2026,False,4.5,11,False,https://www.tesco.com/groceries/en-GB/products/263894926,https://digitalcontent.api.tesco.com/v2/media/ghs/76b4b8a8-3d87-4e2c-ac9c-2badcefe4840/79fe31e0-80a4-4605-b240-84c0268a7753_369434597.jpeg?h=225&w=225,Food Cupboard,Cereals
307754726,Tesco Honey & Almond Granola 1Kg,£2.00,£0.20/100g,,,False,,False,4.6,83,False,https://www.tesco.com/groceries/en-GB/products/307754726,https://digitalcontent.api.tesco.com/v2/media/ghs/3dbad6e8-daef-416f-a029-72e08bd75289/ff50a934-c44c-4ed6-9095-7e404afb7e70_629761790.jpeg?h=225&w=225,Food Cupboard,Cereals
268060828,Quaker Oat So Simple Apple & Blueberry Porridge Pot 57g,£1.30,£2.28/100g,Any 3 for £3 Clubcard Price - Selected Porridge Pots Bars Or Drinks,,True,Offer valid for delivery from 24/02/2025 until 28/02/2026,False,2.6,5,False,https://www.tesco.com/groceries/en-GB/products/268060828,https://digitalcontent.api.tesco.com/v2/media/ghs/04bd12aa-d1d1-4552-97e2-97b9a9260668/58ab99de-51bf-444f-b987-61e8daf8fe4c_1548021436.jpeg?h=225&w=225,Food Cupboard,Cereals
265536818,Tesco Fruit & Nut Muesli 750G,£2.20,£0.29/100g,,,False,,False,3.8,47,False,https://www.tesco.com/groceries/en-GB/products/265536818,https://digitalcontent.api.tesco.com/v2/media/ghs/f1f88f44-3f92-4d0a-9155-69cb321e5879/291c59a9-97d5-407c-9e0b-9b249daa9da1_362273184.jpeg?h=225&w=225,Food Cupboard,Cereals
268574497,Quaker Oat So Simple Sweet Cinnamon Porridge Pot 57g,£1.30,£2.28/100g,Any 3 for £3 Clubcard Price - Selected Porridge Pots Bars Or Drinks,,True,Offer valid for delivery from 24/02/2025 until 28/02/2026,False,3.8,5,False,https://www.tesco.com/groceries/en-GB/products/268574497,https://digitalcontent.api.tesco.com/v2/media/ghs/d69362b0-f176-4f1b-9908-58cd381d4877/b2bb71af-aaae-4550-a2bb-3e4c8e341718_1516091360.jpeg?h=225&w=225,Food Cupboard,Cereals
285091302,Tesco Easy Oats Original Porridge 10 X27g,£1.15,£0.43/100g,,,False,,False,2.9,34,False,https://www.tesco.com/groceries/en-GB/products/285091302,https://digitalcontent.api.tesco.com/v2/media/ghs/40fc4418-802b-4230-a2f4-49a1d539c3d4/1a5161b9-bfae-477c-980f-b970f78417af_2037068887.jpeg?h=225&w=225,Food Cupboard,Cereals
263998683,Quaker Oat So Simple Sultana & Raisin Porridge Sachets 10x38.5g,£3.50,£0.91/100g,Any 2 for £4.50 Clubcard Price - Selected Quaker Oat So Simple Porridge,,True,Offer valid for delivery from 23/02/2025 until 21/02/2026,False,4.3,10,False,https://www.tesco.com/groceries/en-GB/products/263998683,https://digitalcontent.api.tesco.com/v2/media/ghs/550246ac-098a-4c0a-b4be-da2086dafe67/13a86215-cc57-4fe5-9989-92572148eeaf_8094600.jpeg?h=225&w=225,Food Cupboard,Cereals
268413556,Nature Valley Crunchy Oats & Dark Chocolate 5 x 42g (210g),£2.50,£1.19/100g,£1.75 Clubcard Price,(£0.83/100g),True,Offer valid for delivery from 26/03/2025 until 20/05/2025,False,4.4,42,False,https://www.tesco.com/groceries/en-GB/products/268413556,https://digitalcontent.api.tesco.com/v2/media/ghs/7bfacc5b-cb6e-4cc7-9a26-48aaf6d2ac53/5edaba8a-4632-40a5-9ce6-64890bbed56c_1273572617.jpeg?h=225&w=225,Food Cupboard,Cereals
280448128,Nature Valley Crunchy Canadian Maple Syrup 5 x 42g (210g),£2.50,£1.19/100g,£1.75 Clubcard Price,(£0.83/100g),True,Offer valid for delivery from 26/03/2025 until 20/05/2025,False,4.6,43,False,https://www.tesco.com/groceries/en-GB/products/280448128,https://digitalcontent.api.tesco.com/v2/media/ghs/2415a936-3c2f-4a23-92d0-00f29054920f/4d2922f7-5a6c-4af7-a138-1a432de6bd94_63081265.jpeg?h=225&w=225,Food Cupboard,Cereals
293379247,Nature Valley Crunchy Variety Pack 5 x 42g (210g),£2.50,£1.19/100g,£1.75 Clubcard Price,(£0.83/100g),True,Offer valid for delivery from 26/03/2025 until 20/05/2025,False,4.1,39,False,https://www.tesco.com/groceries/en-GB/products/293379247,https://digitalcontent.api.tesco.com/v2/media/ghs/d7fbc832-fac6-4677-87bb-565243e94774/a39ea73b-3cb6-4f26-83f8-ac4295deed29_1207106741.jpeg?h=225&w=225,Food Cupboard,Cereals
304792132,Nature Valley Sweet & Salty Nut Dark Chocolate with Nuts Bars 4 x 30g (120g),£1.70,£1.42/100g,,,False,,False,4.5,74,False,https://www.tesco.com/groceries/en-GB/products/304792132,https://digitalcontent.api.tesco.com/v2/media/ghs/1740fabe-549d-4650-8d46-3eb8f084553c/dd47afa1-494b-4221-9900-908bff7d8a44_140010624.jpeg?h=225&w=225,Food Cupboard,Cereals
304374230,Nature Valley Sweet & Salty Nut Roasted Peanuts Bars 4 x 30g (120g),£1.70,£1.42/100g,,,False,,False,4.7,95,False,https://www.tesco.com/groceries/en-GB/products/304374230,https://digitalcontent.api.tesco.com/v2/media/ghs/cf1ea7c2-7a10-4976-91a4-eb402cd524cd/753335d7-bc8f-4579-b9bc-ec3a97767770_190747974.jpeg?h=225&w=225,Food Cupboard,Cereals
261084828,Tesco Low Fat Special Flakes Cereal 500G,£1.55,£0.31/100g,,,False,,False,2.2,135,False,https://www.tesco.com/groceries/en-GB/products/261084828,https://digitalcontent.api.tesco.com/v2/media/ghs/eb6fea51-1e9c-47e2-94ed-bff058d29fb2/f30dd7af-bbb7-4e8e-8190-6cbc52c44fb3_401843696.jpeg?h=225&w=225,Food Cupboard,Cereals
267280016,Tesco Free From Pure Oats 450G,£1.70,£0.38/100g,,,False,,False,4.4,52,False,https://www.tesco.com/groceries/en-GB/products/267280016,https://digitalcontent.api.tesco.com/v2/media/ghs/0afb3a42-c8d0-4916-b2fc-f1371c0f3b96/b175f594-9308-4884-8082-2f8244ce2ba5_1610540806.jpeg?h=225&w=225,Food Cupboard,Cereals
301601508,Quaker Protein Oat So Simple Original Porridge Pot 49g,£1.30,£2.65/100g,Any 3 for £3 Clubcard Price - Selected Porridge Pots Bars Or Drinks,,True,Offer valid for delivery from 24/02/2025 until 28/02/2026,False,,1,False,https://www.tesco.com/groceries/en-GB/products/301601508,https://digitalcontent.api.tesco.com/v2/media/ghs/4c21d6c2-55a0-4ee7-a98b-75c506a9e714/39dd3635-b869-4b52-bf62-7089789bfd3d_229195761.jpeg?h=225&w=225,Food Cupboard,Cereals
260360745,Weetabix Oatibix Cereal 24 Pack,,,,,False,,False,3.1,48,False,https://www.tesco.com/groceries/en-GB/products/260360745,https://digitalcontent.api.tesco.com/v2/media/ghs/1b988bcb-2700-49bf-a511-0222a5adaee0/c8e971ae-73f3-4798-aa24-7d80bfd8b192_725529179.jpeg?h=225&w=225,Food Cupboard,Cereals
300398398,Tesco High Protein Granola 500G,£3.40,£0.68/100g,,,False,,False,4.4,21,False,https://www.tesco.com/groceries/en-GB/products/300398398,https://digitalcontent.api.tesco.com/v2/media/ghs/3106d9b5-48f3-425b-8a5e-f639a8ac6547/311f2429-1fa1-41e2-9c53-eb91f5c35250_1296999220.jpeg?h=225&w=225,Food Cupboard,Cereals
261986222,Weetabix Oatibix Flakes Cereal 550G,£3.80,£0.69/100g,,,False,,False,3.1,13,False,https://www.tesco.com/groceries/en-GB/products/261986222,https://digitalcontent.api.tesco.com/v2/media/ghs/ccf36756-5665-40ea-9760-36d1c0e7156b/d41df389-78f0-45af-b572-93fe8149c8d5_812567230.jpeg?h=225&w=225,Food Cupboard,Cereals
297544679,BelVita Breakfast Soft Bakes Strawberry Filled 5 Pack 250G,£2.95,£1.18/100g,,,False,,False,3.7,44,False,https://www.tesco.com/groceries/en-GB/products/297544679,https://digitalcontent.api.tesco.com/v2/media/ghs/923825a0-c8c8-4995-b32e-d0736b5aec29/5421cc96-30e9-4564-93a5-fb813b7c088a_1889350727.jpeg?h=225&w=225,Food Cupboard,Cereals
301073988,Quaker Oat Granola Raisin 500g,£3.50,£0.70/100g,£2.50 Clubcard Price,(£0.50/100g),True,Offer valid for delivery from 16/04/2025 until 13/05/2025,False,3.8,11,False,https://www.tesco.com/groceries/en-GB/products/301073988,https://digitalcontent.api.tesco.com/v2/media/ghs/1a436050-f129-4bb9-ba0f-a5285046b2a2/655e6f3b-653c-434b-ad47-4e7a119d08f9_283140569.jpeg?h=225&w=225,Food Cupboard,Cereals
292975608,Tesco High Fibre Bran Cereal 750G,,,,,False,,False,3.9,48,False,https://www.tesco.com/groceries/en-GB/products/292975608,https://digitalcontent.api.tesco.com/v2/media/ghs/e3cf4642-bf55-4071-a096-594637b3b44f/f72f935e-8cb8-4dc9-b946-9275d925056a_974196740.jpeg?h=225&w=225,Food Cupboard,Cereals
282391346,Weetabix Banana Cereal 24 Pack,£3.75,£0.16/each,,,False,,False,3.9,9,False,https://www.tesco.com/groceries/en-GB/products/282391346,https://digitalcontent.api.tesco.com/v2/media/ghs/9b5c35dd-9ce6-47a6-91e8-f5505a009627/5c43521f-f2fc-4e60-9aea-430dfc467afd_1476332732.jpeg?h=225&w=225,Food Cupboard,Cereals
289954085,BelVita Breakfast Soft Bakes Red Berries 5 Pack 250G,£2.75,£1.10/100g,,,False,,False,4.4,36,False,https://www.tesco.com/groceries/en-GB/products/289954085,https://digitalcontent.api.tesco.com/v2/media/ghs/9f03cd46-9f0a-47f0-b23c-5efe5abef095/56f9ac73-2b1c-4206-a921-70fbbfb2adc1_1404916943.jpeg?h=225&w=225,Food Cupboard,Cereals
304788126,Dorset Cereals Simply Delicious Muesli 650G,£3.60,£0.55/100g,,,False,,False,,22,False,https://www.tesco.com/groceries/en-GB/products/304788126,https://digitalcontent.api.tesco.com/v2/media/ghs/60ad2570-262e-452d-a112-5ac124f179e8/25bdb934-8ba4-49e1-b683-d35bf831a4ff_1805805950.jpeg?h=225&w=225,Food Cupboard,Cereals
304791726,Dorset Cereals Simply Fruity Muesli 630G,£3.60,£0.57/100g,,,False,,False,4.3,31,False,https://www.tesco.com/groceries/en-GB/products/304791726,https://digitalcontent.api.tesco.com/v2/media/ghs/678a7d2b-24fc-4244-a0b5-1e24ee3f7b92/52665da7-01e4-44aa-9f40-738d0f636c27_878994354.jpeg?h=225&w=225,Food Cupboard,Cereals
304791064,Dorset Cereals Simply Nutty Muesli 560G,£3.60,£0.64/100g,,,False,,False,4.4,80,False,https://www.tesco.com/groceries/en-GB/products/304791064,https://digitalcontent.api.tesco.com/v2/media/ghs/4ca4d9a4-b9d4-4412-b21f-3f315cdad935/4dc9b41b-120f-4226-a14d-d6cf8111a7d6_1953475355.jpeg?h=225&w=225,Food Cupboard,Cereals
271759966,Flahavan's Irish Organic Jumbo Oats 1Kg,£2.70,£0.27/100g,,,False,,False,3.7,22,False,https://www.tesco.com/groceries/en-GB/products/271759966,https://digitalcontent.api.tesco.com/v2/media/ghs/e7a1fd10-5999-419a-8573-32abd8dde6a0/782381bf-38df-4042-a23e-cbb4e81b8e5a_1287604805.jpeg?h=225&w=225,Food Cupboard,Cereals
253746012,Kellogg's Just Right Cereal 500G,£3.50,£0.70/100g,,,False,,False,4.6,115,False,https://www.tesco.com/groceries/en-GB/products/253746012,https://digitalcontent.api.tesco.com/v2/media/ghs/6279f230-0d65-4284-98c0-21a62fd048f9/158a6e44-0d32-41e1-bd91-9810beca024a_441026480.jpeg?h=225&w=225,Food Cupboard,Cereals
305973798,Kellogg's Pop Tarts Choctastic Pastry Snacks 8x48g,£3.00,£0.78/100g,,,False,,False,4.6,135,False,https://www.tesco.com/groceries/en-GB/products/305973798,https://digitalcontent.api.tesco.com/v2/media/ghs/f8e7d93d-de77-4d30-bd9b-2a8a70ed7620/6c04fe4f-1b8c-4437-8959-b9d7f2fc46c5_1560415720.jpeg?h=225&w=225,Food Cupboard,Cereals
305975744,Kellogg's Pop Tarts Strawberry Sensation Pastry Snacks 8x48g,£3.00,£0.78/100g,,,False,,False,4.5,128,False,https://www.tesco.com/groceries/en-GB/products/305975744,https://digitalcontent.api.tesco.com/v2/media/ghs/d5cb3a38-52a2-497e-8b27-3291bca33b61/89c4bedd-ef6c-442d-b92c-d32f6b32b28f_1782438778.jpeg?h=225&w=225,Food Cupboard,Cereals
305987407,Alpen Muesli No Added Sugar 550g,£3.00,£0.54/100g,£2.00 Save 1/3 Clubcard Price,(£0.36/100g),True,Offer valid for delivery from 16/04/2025 until 13/05/2025,False,4.1,44,False,https://www.tesco.com/groceries/en-GB/products/305987407,https://digitalcontent.api.tesco.com/v2/media/ghs/8ca50556-fd73-4613-b6e9-67eb54f880b5/05150f93-6b74-486b-98e5-5a225e701120_563643946.jpeg?h=225&w=225,Food Cupboard,Cereals
311673467,Kellogg's Hot Fudge Sundae Pop Tarts 8X48g,£3.00,£0.78/100g,,,False,,False,4.4,5,False,https://www.tesco.com/groceries/en-GB/products/311673467,https://digitalcontent.api.tesco.com/v2/media/ghs/ec70273b-572a-4f4d-8f41-aadf9f7f8c4a/3022001a-19b9-4ac2-9473-7707266dbf37_1799334209.jpeg?h=225&w=225,Food Cupboard,Cereals
276973652,Nestlé Golden Nuggets Cereal 375g,£3.00,£0.80/100g,£2.50 Clubcard Price,(£0.67/100g),True,Offer valid for delivery from 16/04/2025 until 13/05/2025,False,3.8,8,False,https://www.tesco.com/groceries/en-GB/products/276973652,https://digitalcontent.api.tesco.com/v2/media/ghs/404a3f68-20d9-4e88-828b-c52977d9dc31/0699ea80-4265-4395-b614-637840c06e62_1526329561.jpeg?h=225&w=225,Food Cupboard,Cereals
305944089,Alpen Muesli Original 550g,£3.00,£0.54/100g,£2.00 Save 1/3 Clubcard Price,(£0.36/100g),True,Offer valid for delivery from 16/04/2025 until 13/05/2025,False,4.3,55,False,https://www.tesco.com/groceries/en-GB/products/305944089,https://digitalcontent.api.tesco.com/v2/media/ghs/729a9e89-3057-4de5-80d8-0a562be7cf68/555769c3-da71-4dca-bfff-d287c45b0ecc_1939178472.jpeg?h=225&w=225,Food Cupboard,Cereals
310145124,Nature Valley Crunchy Cereal Bars Family Pack - Variety 10 x 42g,£3.50,£0.83/100g,,,False,,False,4.7,34,False,https://www.tesco.com/groceries/en-GB/products/310145124,https://digitalcontent.api.tesco.com/v2/media/ghs/7037c230-d698-4fd9-b287-52c57f088f55/659a42c0-b866-4f97-9c7e-04070c886413_543152215.jpeg?h=225&w=225,Food Cupboard,Cereals
267953350,Kellogg's Nutri-Grain Blueberry Snack Bars 6x37g,£2.30,£1.04/100g,,,False,,False,4.6,5,False,https://www.tesco.com/groceries/en-GB/products/267953350,https://digitalcontent.api.tesco.com/v2/media/ghs/59557c41-1822-4b8a-89ef-38745635f8c0/7e984747-d09e-466d-80fd-487bb0fd6f22_1525278525.jpeg?h=225&w=225,Food Cupboard,Cereals
291359349,Nairns Gluten Free Scottish Porridge 450G,£2.20,£0.49/100g,,,False,,False,,5,False,https://www.tesco.com/groceries/en-GB/products/291359349,https://digitalcontent.api.tesco.com/v2/media/ghs/28bff359-f4ea-4a25-999b-94ff0db892c4/0a658432-6619-491a-a15b-e17ff471589c_1284633253.jpeg?h=225&w=225,Food Cupboard,Cereals
293837316,Nature Valley Protein Salted Caramel Nut Cereal Bars 4 x 40g,£3.00,£1.88/100g,,,False,,False,4.6,39,False,https://www.tesco.com/groceries/en-GB/products/293837316,https://digitalcontent.api.tesco.com/v2/media/ghs/539d6857-3680-4b84-9859-edc89e5fd9bd/88436eed-04d0-4070-8504-b97474418574_1938611451.jpeg?h=225&w=225,Food Cupboard,Cereals
310111435,Kellogg's Krave Milk Chocolate Cereal 410G,£3.30,£0.80/100g,£2.50 Clubcard Price,(£0.61/100g),True,Offer valid for delivery from 31/03/2025 until 21/04/2025,False,4.8,53,False,https://www.tesco.com/groceries/en-GB/products/310111435,https://digitalcontent.api.tesco.com/v2/media/ghs/2a2b7bba-6c52-45e6-9e25-d039ec0fdad5/6134d775-a9db-473a-8c68-df838b521cf8_1674038928.jpeg?h=225&w=225,Food Cupboard,Cereals
300877177,Tesco 5 Chocolate & Raspberry Bars 115G,£1.85,£1.61/100g,,,False,,False,4.8,33,False,https://www.tesco.com/groceries/en-GB/products/300877177,https://digitalcontent.api.tesco.com/v2/media/ghs/93b7ebd5-ca99-49d5-bbf5-f50759fce571/27bb4da5-9316-47a6-bc45-6f3dde6b0201_1045092564.jpeg?h=225&w=225,Food Cupboard,Cereals
312217993,Graze Oat Boosts - Cherry Bakewell 4x30g,£2.75,£2.29/100g,£1.75 Clubcard Price,(£1.46/100g),True,Offer valid for delivery from 26/03/2025 until 25/05/2025,False,4.6,358,False,https://www.tesco.com/groceries/en-GB/products/312217993,https://digitalcontent.api.tesco.com/v2/media/ghs/85c02e32-f353-43c4-b970-a1737e407177/7446281b-1c9a-4fe5-9413-0f00c22b64c7_1751433190.jpeg?h=225&w=225,Food Cupboard,Cereals
296425298,Graze Honey Oat Boost Flapjack Snack 4x30G,£2.75,£2.29/100g,£1.75 Clubcard Price,(£1.46/100g),True,Offer valid for delivery from 26/03/2025 until 25/05/2025,False,4.6,154,False,https://www.tesco.com/groceries/en-GB/products/296425298,https://digitalcontent.api.tesco.com/v2/media/ghs/d6af4de6-ac0e-43d4-812f-6c502d14be9e/49121368-b9da-4f5a-9bbc-783c61b5af57_409269286.jpeg?h=225&w=225,Food Cupboard,Cereals
293163427,Tesco Free From Gluten Syrup Porridge Pot 55G,£0.75,£1.36/100g,,,False,,False,2.5,22,False,https://www.tesco.com/groceries/en-GB/products/293163427,https://digitalcontent.api.tesco.com/v2/media/ghs/5f0f854b-e960-4713-848e-ed9991e2d9c4/d4ecff0f-29a6-4083-92cf-8aa730b84eb4_15706337.jpeg?h=225&w=225,Food Cupboard,Cereals
276671358,FUEL10K Strawberry High Protein Milk Breakfast Drink 330ml,,,Any 3 for £3 Clubcard Price - Selected Porridge Pots Bars Or Drinks,,True,Offer valid for delivery from 24/02/2025 until 28/02/2026,False,4.8,31,False,https://www.tesco.com/groceries/en-GB/products/276671358,https://digitalcontent.api.tesco.com/v2/media/ghs/3594f6e2-e80c-4304-95e0-25dc7f349435/1b427891-8557-47f5-88e6-50eebcb9971c_2123949957.jpeg?h=225&w=225,Food Cupboard,Cereals
301391980,Mornflake Mighty Oats Creamy Superfast Oats 1.25kg,£2.10,£0.17/100g,,,False,,False,3.9,24,False,https://www.tesco.com/groceries/en-GB/products/301391980,https://digitalcontent.api.tesco.com/v2/media/ghs/23348a3e-4742-4e83-9046-545ea4c40b86/7f043c97-fbc8-4c2a-9f8c-89fdbecd5cf6_1537111517.jpeg?h=225&w=225,Food Cupboard,Cereals
304796082,FUEL10K High Protein Salted Caramel Porridge Oat Cereal Pot 70g,£1.35,£1.93/100g,Any 3 for £3 Clubcard Price - Selected Porridge Pots Bars Or Drinks,,True,Offer valid for delivery from 24/02/2025 until 28/02/2026,False,4.1,40,False,https://www.tesco.com/groceries/en-GB/products/304796082,https://digitalcontent.api.tesco.com/v2/media/ghs/edcfa953-de97-468c-8c39-cc7c523574b1/83ed4154-4b91-4c8c-aec4-0a76e006a540_1185116613.jpeg?h=225&w=225,Food Cupboard,Cereals
283910688,FUEL10K Vanilla High Protein Milk Breakfast Drink 330ml,£1.50,£0.46/100ml,Any 3 for £3 Clubcard Price - Selected Porridge Pots Bars Or Drinks,,True,Offer valid for delivery from 24/02/2025 until 28/02/2026,False,4.6,35,False,https://www.tesco.com/groceries/en-GB/products/283910688,https://digitalcontent.api.tesco.com/v2/media/ghs/6e47e368-6403-4fbd-8f0a-12714ac378d8/c3df38b6-155f-4215-8f3c-2513cdf36f0f_583335137.jpeg?h=225&w=225,Food Cupboard,Cereals
292990601,Tesco Nuts & Seeds Muesli 750G,£2.20,£0.29/100g,,,False,,False,,45,False,https://www.tesco.com/groceries/en-GB/products/292990601,https://digitalcontent.api.tesco.com/v2/media/ghs/601ba539-4d40-4a8c-869a-316636c1cd73/efaaa51b-2cc4-4748-9a54-19d75acd37ee_947123176.jpeg?h=225&w=225,Food Cupboard,Cereals
276973594,Nestle Nesquik Chocolate Cereal 375g,£3.00,£0.80/100g,,,False,,False,,4,False,https://www.tesco.com/groceries/en-GB/products/276973594,https://digitalcontent.api.tesco.com/v2/media/ghs/dfdd2e81-9cbe-41ca-8931-2be1b3273ce7/03c752dc-0c80-4bd7-8528-52843ba3d7c0_1124984593.jpeg?h=225&w=225,Food Cupboard,Cereals
292989137,Tesco Chocolate Crisp Cereal 500G,£2.10,£0.42/100g,,,False,,False,2.9,47,False,https://www.tesco.com/groceries/en-GB/products/292989137,https://digitalcontent.api.tesco.com/v2/media/ghs/e7086ed1-326e-43af-8ccc-a02f5128a8b7/48edd2f1-63a4-488e-95c3-b3e428437000_2043351509.jpeg?h=225&w=225,Food Cupboard,Cereals
302294609,BelVita Breakfast Biscuits 30% Less Sugar Choc Chip 5 Pack 225G,£1.20,£0.53/100g,,,False,,False,,7,False,https://www.tesco.com/groceries/en-GB/products/302294609,https://digitalcontent.api.tesco.com/v2/media/ghs/04909bfa-d3d9-4052-876c-e384c475d64b/b3e0156e-a880-4ae3-bae7-05af1a751b5c_209576807.jpeg?h=225&w=225,Food Cupboard,Cereals
301692219,Fibre One 90 Calorie Triple Choc Cake Bars 4 x 25g (100g),£1.50,£1.50/100g,,,False,,False,4.5,63,False,https://www.tesco.com/groceries/en-GB/products/301692219,https://digitalcontent.api.tesco.com/v2/media/ghs/4a2d6748-4c4a-45bd-b2f2-1de559c72960/c3484165-af92-4b45-92e8-9da3683ff37c_161376307.jpeg?h=225&w=225,Food Cupboard,Cereals
282513296,Tesco Free From Choco-Nut Pillows 300G,£1.95,£0.65/100g,,,False,,False,3.6,31,False,https://www.tesco.com/groceries/en-GB/products/282513296,https://digitalcontent.api.tesco.com/v2/media/ghs/1eaec1d2-aa8d-4c37-92f6-3b38db43658e/adda3ff2-571b-4d62-8f8a-12a704f75779.jpeg?h=225&w=225,Food Cupboard,Cereals
304413634,Quaker Oat So Simple Big Bowl Original Porridge Sachets 6x38.5g,£1.75,£0.76/100g,,,False,,False,,1,False,https://www.tesco.com/groceries/en-GB/products/304413634,https://digitalcontent.api.tesco.com/v2/media/ghs/f8748663-1af0-4f05-a33d-36d6653ed677/7d3753b1-8528-4d6f-bdd2-973ce9d7cf3a_1875197895.jpeg?h=225&w=225,Food Cupboard,Cereals
314942234,Quaker Oat So Simple Porridge Sachets - Caramelised Biscuit 10x33.4g,£3.50,£1.05/100g,Any 2 for £4.50 Clubcard Price - Selected Quaker Oat So Simple Porridge,,True,Offer valid for delivery from 23/02/2025 until 21/02/2026,False,3.3,6,False,https://www.tesco.com/groceries/en-GB/products/314942234,https://digitalcontent.api.tesco.com/v2/media/ghs/96ad0766-d1ac-4329-bca9-ef2414fdead5/5896d258-3e78-48f1-9c86-688a1dd1450e_222450675.jpeg?h=225&w=225,Food Cupboard,Cereals
264216888,Quaker Oat So Simple Sweet Cinnamon Porridge Sachets 10x33g,£3.50,£1.06/100g,Any 2 for £4.50 Clubcard Price - Selected Quaker Oat So Simple Porridge,,True,Offer valid for delivery from 23/02/2025 until 21/02/2026,False,3.2,9,False,https://www.tesco.com/groceries/en-GB/products/264216888,https://digitalcontent.api.tesco.com/v2/media/ghs/70ffcf45-ff49-4fa4-a1e0-0abaf148fd54/121f3962-d896-44f6-914e-9527365882ee_21003414.jpeg?h=225&w=225,Food Cupboard,Cereals
275435289,"Quaker Oat So Simple Strawberry, Raspberry & Cranberry Porridge Sachets 10x33.9g",£3.50,£1.03/100g,Any 2 for £4.50 Clubcard Price - Selected Quaker Oat So Simple Porridge,,True,Offer valid for delivery from 23/02/2025 until 21/02/2026,False,3.6,8,False,https://www.tesco.com/groceries/en-GB/products/275435289,https://digitalcontent.api.tesco.com/v2/media/ghs/94437888-28ac-44a3-bef5-bdd08bbf0730/1868ac7a-0746-4b67-9361-f145ca00787c_1857327473.jpeg?h=225&w=225,Food Cupboard,Cereals
314950800,Lizi's Granola Original Nuts & Seeds 450g,,,£2.75 Clubcard Price,(£0.61/100g),True,Offer valid for delivery from 16/04/2025 until 13/05/2025,False,4.5,2,False,https://www.tesco.com/groceries/en-GB/products/314950800,https://digitalcontent.api.tesco.com/v2/media/ghs/91706481-0753-4ea5-9ec3-a48491b09d38/ace1421c-0d1e-4c60-bb5e-406fdb461ff3_972519034.jpeg?h=225&w=225,Food Cupboard,Cereals
289842275,Nutribrex Gluten Free Cereal 375G,£4.35,£1.16/100g,,,False,,False,4.2,42,False,https://www.tesco.com/groceries/en-GB/products/289842275,https://digitalcontent.api.tesco.com/v2/media/ghs/da12b673-b7fc-446b-bc1d-77e18f7516b2/a51b5450-4b4b-4670-b8f6-7afbe1d490ef_77829091.jpeg?h=225&w=225,Food Cupboard,Cereals
312842465,FUEL10K Chocolate Oat Muffin Protein Snack Pot 52g,£1.35,£2.60/100g,Any 3 for £3 Clubcard Price - Selected Porridge Pots Bars Or Drinks,,True,Offer valid for delivery from 24/02/2025 until 28/02/2026,False,4.3,34,False,https://www.tesco.com/groceries/en-GB/products/312842465,https://digitalcontent.api.tesco.com/v2/media/ghs/ae48aeb1-5003-49bc-85da-6342832b8346/93146578-4717-48e7-9969-8f15a335055a_1480536868.jpeg?h=225&w=225,Food Cupboard,Cereals
305985899,Tesco Oat Bran 675G,£2.65,£0.39/100g,,,False,,False,4.7,33,False,https://www.tesco.com/groceries/en-GB/products/305985899,https://digitalcontent.api.tesco.com/v2/media/ghs/c923c423-f01c-4db5-8475-7883e7b5e1ee/e8c9ae4e-2e50-47c9-9002-8316c8b71d70_51261339.jpeg?h=225&w=225,Food Cupboard,Cereals
285353353,Post Grape Nuts Cereal 580G,£3.95,£0.68/100g,,,False,,False,4.6,18,False,https://www.tesco.com/groceries/en-GB/products/285353353,https://digitalcontent.api.tesco.com/v2/media/ghs/f27854f1-d37d-470f-81c6-6090331ae2cd/0fb8cfce-b58b-4993-aa4c-fdfd62005658_2115130414.jpeg?h=225&w=225,Food Cupboard,Cereals
282630744,Jordans Crunchy Oat Granola - Tropical Fruits 750g,£3.75,£0.50/100g,,,False,,False,4.5,30,False,https://www.tesco.com/groceries/en-GB/products/282630744,https://digitalcontent.api.tesco.com/v2/media/ghs/6c872eaa-72bb-487f-9508-a32db044ac89/f3957dad-c05a-4dfc-8678-7285e76053ba_187556399.jpeg?h=225&w=225,Food Cupboard,Cereals
296977600,Quaker Breakfast Bars Golden Syrup Porridge To Go 2x55g,£1.75,£1.59/100g,Any 3 for £3 Clubcard Price - Selected Porridge Pots Bars Or Drinks,,True,Offer valid for delivery from 24/02/2025 until 28/02/2026,False,4.3,7,False,https://www.tesco.com/groceries/en-GB/products/296977600,https://digitalcontent.api.tesco.com/v2/media/ghs/6c658fb0-5e31-4547-9d71-25ae805498d5/c1c1e0c9-7b67-402d-9993-66bfd7adac16_731772101.jpeg?h=225&w=225,Food Cupboard,Cereals
268583083,Weetabix Crunchy Bran Cereal 375G,£3.00,£0.80/100g,,,False,,False,4.2,10,False,https://www.tesco.com/groceries/en-GB/products/268583083,https://digitalcontent.api.tesco.com/v2/media/ghs/9da4f700-6569-4aa0-af6e-4476b192cdd1/1e72d7c6-e976-431c-92bd-e82f88aa8e9e_1563417558.jpeg?h=225&w=225,Food Cupboard,Cereals
282723099,Kellogg's Crunchy Nut Granola - Fruit & Nut 380g,£3.30,£0.87/100g,£2.75 Clubcard Price,(£0.72/100g),True,Offer valid for delivery from 16/04/2025 until 13/05/2025,False,,12,False,https://www.tesco.com/groceries/en-GB/products/282723099,https://digitalcontent.api.tesco.com/v2/media/ghs/a7d11335-d6af-471e-8262-819227cf0d60/188419c9-636c-4f99-8d28-ef0c306ed958_1963095791.jpeg?h=225&w=225,Food Cupboard,Cereals
314838911,Dorset Cereals Oat Granola Breakfast Cereal 500g,£3.95,£0.79/100g,,,False,,False,,13,False,https://www.tesco.com/groceries/en-GB/products/314838911,https://digitalcontent.api.tesco.com/v2/media/ghs/52c52d97-77c9-4c02-b1f5-51800e342fd2/1178b85d-121c-4da6-b339-5e2d2b891d27_255511937.jpeg?h=225&w=225,Food Cupboard,Cereals
314955187,Kellogg's Crunchy Nut Granola - Red Berries 380g,£3.30,£0.87/100g,£2.75 Clubcard Price,(£0.72/100g),True,Offer valid for delivery from 16/04/2025 until 13/05/2025,False,,1,False,https://www.tesco.com/groceries/en-GB/products/314955187,https://digitalcontent.api.tesco.com/v2/media/ghs/b1717f7b-f018-4d99-bfc3-4e84426ab66d/eb4fd96c-07e6-47b1-957a-c7b2fcae50e8_2139191923.jpeg?h=225&w=225,Food Cupboard,Cereals
314930260,Dorset Cereals Nutty Granola Cereal 450G,£3.95,£0.88/100g,,,False,,False,4.9,16,False,https://www.tesco.com/groceries/en-GB/products/314930260,https://digitalcontent.api.tesco.com/v2/media/ghs/43a4105c-ee48-4a0e-8740-a0c85df73dfa/406e67d8-aea7-40d2-9e86-86f0e17eef68_2117000357.jpeg?h=225&w=225,Food Cupboard,Cereals
273667363,Natures Path Organic Gluten Free Mesa Sunrise Cereal 355G,£3.50,£0.99/100g,£3.00 Clubcard Price,(£0.85/100g),True,Offer valid for delivery from 16/04/2025 until 13/05/2025,False,4.6,96,False,https://www.tesco.com/groceries/en-GB/products/273667363,https://digitalcontent.api.tesco.com/v2/media/ghs/e68a17c8-2304-4774-ad74-329e80e686aa/dc219a5d-e083-45e5-a843-701ea606c52c_1810630778.jpeg?h=225&w=225,Food Cupboard,Cereals
292990428,Tesco Grains & Seeds Granola 500G,£2.40,£0.48/100g,,,False,,False,4.2,24,False,https://www.tesco.com/groceries/en-GB/products/292990428,https://digitalcontent.api.tesco.com/v2/media/ghs/65748e89-d7e7-4964-914f-39434431972f/b9f011ed-4c80-473e-8427-6003e7526ec4_513467333.jpeg?h=225&w=225,Food Cupboard,Cereals
308100416,Oreo O's Cereal 350G,£4.00,£1.14/100g,,,False,,False,2.9,31,False,https://www.tesco.com/groceries/en-GB/products/308100416,https://digitalcontent.api.tesco.com/v2/media/ghs/bb239370-fa9d-4a5d-a566-4837dccec705/dc2660b8-58ef-46b1-8438-5982711b3066_1866559436.jpeg?h=225&w=225,Food Cupboard,Cereals
310168696,Kellogg's Krave Chocolate Hazlenut Flavour Cereal 410g,£3.30,£0.80/100g,£2.50 Clubcard Price,(£0.61/100g),True,Offer valid for delivery from 31/03/2025 until 21/04/2025,False,4.6,39,False,https://www.tesco.com/groceries/en-GB/products/310168696,https://digitalcontent.api.tesco.com/v2/media/ghs/b3bc0833-0809-40cb-90b3-a4b313fcb2d1/0e95da80-ce06-4de3-95ff-1eaca45d3334_1579032112.jpeg?h=225&w=225,Food Cupboard,Cereals
299600253,Quaker Protein Oat So Simple Golden Syrup Porridge Sachets 8x43g,£3.50,£1.02/100g,Any 2 for £4.50 Clubcard Price - Selected Quaker Oat So Simple Porridge,,True,Offer valid for delivery from 23/02/2025 until 21/02/2026,False,3.7,6,False,https://www.tesco.com/groceries/en-GB/products/299600253,https://digitalcontent.api.tesco.com/v2/media/ghs/5bdc1f5a-cca9-4a62-8f82-cad47fd61037/3bacccf6-2211-4700-9450-62a140a15448_914030425.jpeg?h=225&w=225,Food Cupboard,Cereals
305963021,Kellogg's Special K Red Berries Breakfast Cereal 330g,£3.50,£1.06/100g,,,False,,False,4.6,122,False,https://www.tesco.com/groceries/en-GB/products/305963021,https://digitalcontent.api.tesco.com/v2/media/ghs/117a653f-b350-45f4-8fe2-7f00279df675/d2c2b7fe-ccc0-49a0-944f-9a6ad6af9b3b_560516532.jpeg?h=225&w=225,Food Cupboard,Cereals
289349116,Kellogg's Special K Oats & Honey Cereal 420 G,£3.50,£0.83/100g,,,False,,False,3.7,6,False,https://www.tesco.com/groceries/en-GB/products/289349116,https://digitalcontent.api.tesco.com/v2/media/ghs/38f0c887-3a9d-42c2-8fe8-c9c889bdc071/38af33e7-1389-4f46-9a1d-2730aa29a584_2130179900.jpeg?h=225&w=225,Food Cupboard,Cereals
306052297,Nestle GoFree Crisp Rice Cereal 350g,£2.50,£0.71/100g,,,False,,False,4.6,198,False,https://www.tesco.com/groceries/en-GB/products/306052297,https://digitalcontent.api.tesco.com/v2/media/ghs/0dac46c8-5079-4c06-a387-9361d7671700/33b3649a-910c-4a5d-a51c-b7784d6e0d34_1015729405.jpeg?h=225&w=225,Food Cupboard,Cereals
312084307,FUEL10K Chocolate High Fibre Vegan Oat Drink 330ml,£1.50,£0.46/100ml,Any 3 for £3 Clubcard Price - Selected Porridge Pots Bars Or Drinks,,True,Offer valid for delivery from 24/02/2025 until 28/02/2026,False,4.7,30,False,https://www.tesco.com/groceries/en-GB/products/312084307,https://digitalcontent.api.tesco.com/v2/media/ghs/d2c9098d-9fb2-4e8b-abfc-16d826eb910d/c88e6c6f-38fd-49f0-9538-a7f99520db87_1704497028.jpeg?h=225&w=225,Food Cupboard,Cereals
312084250,Graze Peanut Butter Oat Boosts Flapjack Snack 4x30G,£2.75,£2.29/100g,£1.75 Clubcard Price,(£1.46/100g),True,Offer valid for delivery from 26/03/2025 until 25/05/2025,False,4.5,167,False,https://www.tesco.com/groceries/en-GB/products/312084250,https://digitalcontent.api.tesco.com/v2/media/ghs/15f84c3c-5c70-413e-8a73-573efd5034d5/7eb8905e-8d72-445c-af26-32fd68ee6849_175131595.jpeg?h=225&w=225,Food Cupboard,Cereals
265537011,Tesco Swiss Style Muesli 1Kg,£2.40,£0.24/100g,,,False,,False,3.4,46,False,https://www.tesco.com/groceries/en-GB/products/265537011,https://digitalcontent.api.tesco.com/v2/media/ghs/357f9a40-dff5-483b-a5b2-37af162ad7a6/49a779e5-e80a-46e9-9e09-0ef3d1a11aa6_1379345991.jpeg?h=225&w=225,Food Cupboard,Cereals
301393718,Kellogg's Bran Flakes Breakfast Cereal 500g,£2.20,£0.44/100g,,,False,,False,3.2,4,False,https://www.tesco.com/groceries/en-GB/products/301393718,https://digitalcontent.api.tesco.com/v2/media/ghs/19698a10-0967-44e3-97ca-5bfca3570ee7/1bdff4b7-c42a-411a-84d8-875c613b21aa_771646482.jpeg?h=225&w=225,Food Cupboard,Cereals
257721761,Jordans Frusli Bars Cranberry & Apple 6X30g,£2.30,£1.28/100g,,,False,,False,4.6,14,False,https://www.tesco.com/groceries/en-GB/products/257721761,https://digitalcontent.api.tesco.com/v2/media/ghs/f66fd8b6-a5c6-45e2-91a5-b68fc825bd58/7ec9cebf-0b81-4f77-8d8e-2bfe79f7d922_1422174926.jpeg?h=225&w=225,Food Cupboard,Cereals
293163525,Tesco Free From Original Porridge Pot 55G,£0.75,£1.36/100g,,,False,,False,3.4,18,False,https://www.tesco.com/groceries/en-GB/products/293163525,https://digitalcontent.api.tesco.com/v2/media/ghs/d4f45a66-be05-42a7-b726-c43c25b4053a/0e65a39a-90e0-4d70-bdfd-f4f9588c7e10_42899448.jpeg?h=225&w=225,Food Cupboard,Cereals
308486805,Tesco Choco Malt Wheats 500G,£1.99,£0.40/100g,,,False,,False,4.3,59,False,https://www.tesco.com/groceries/en-GB/products/308486805,https://digitalcontent.api.tesco.com/v2/media/ghs/182b5514-32c3-4db8-b374-b7042d5fc1ce/c0fb8a26-3a79-42cd-8817-fe6dc638a63a_181846806.jpeg?h=225&w=225,Food Cupboard,Cereals
268583267,Tesco Free From Cornflakes 300G,£1.75,£0.58/100g,,,False,,False,3.5,29,False,https://www.tesco.com/groceries/en-GB/products/268583267,https://digitalcontent.api.tesco.com/v2/media/ghs/f09c89f6-7d6a-421e-bfbe-c7936faf9a08/40cb329c-8502-4c40-ac6b-5b681a655215_2038737611.jpeg?h=225&w=225,Food Cupboard,Cereals
308109009,KIND Dark Chocolate Nuts & Sea Salt Cereal Bars 3x30g,£3.00,£3.33/100g,£2.00 Save 1/3 Clubcard Price,(£2.22/100g),True,Offer valid for delivery from 26/03/2025 until 22/04/2025,False,4.6,33,False,https://www.tesco.com/groceries/en-GB/products/308109009,https://digitalcontent.api.tesco.com/v2/media/ghs/a58bc2fd-1164-4976-bd30-c79d0d5cd258/bca70c57-8048-410d-8d34-c194b990020a_174104073.jpeg?h=225&w=225,Food Cupboard,Cereals
282513365,Tesco Free From Honey Hoops 300G,£1.75,£0.58/100g,,,False,,False,3.1,25,False,https://www.tesco.com/groceries/en-GB/products/282513365,https://digitalcontent.api.tesco.com/v2/media/ghs/a2d5fe32-c969-4bdb-8f5c-b278d565df6e/4c39ac83-d46d-4923-91ab-df107c209c65_2090141805.jpeg?h=225&w=225,Food Cupboard,Cereals
300877131,Tesco Pumpkin Seeds Almond & Dark Chocolate Bars 140G,£1.85,£1.32/100g,,,False,,False,4.7,42,False,https://www.tesco.com/groceries/en-GB/products/300877131,https://digitalcontent.api.tesco.com/v2/media/ghs/1038d563-0ff8-49ce-9aca-0880f2fe7db0/1e6d3eca-1e93-4bf7-9ed6-97fbc41bd486_607186259.jpeg?h=225&w=225,Food Cupboard,Cereals
308498716,Tesco Multigrain Meteors 350G,£1.60,£0.46/100g,,,False,,False,,20,False,https://www.tesco.com/groceries/en-GB/products/308498716,https://digitalcontent.api.tesco.com/v2/media/ghs/0de25313-564e-400b-a021-aca72d268cc4/8811d3e7-3350-487b-a25f-df602cfbdb4d_198301181.jpeg?h=225&w=225,Food Cupboard,Cereals
297754753,Tesco Free From Rice Snaps 300G,,,,,False,,False,3.1,17,False,https://www.tesco.com/groceries/en-GB/products/297754753,https://digitalcontent.api.tesco.com/v2/media/ghs/e03ef9c1-9d6a-43c7-805c-2d212c70c2f1/7be0c969-3eee-45cd-a384-0e3cff0e614d_1462634904.jpeg?h=225&w=225,Food Cupboard,Cereals
297461811,Tesco Free From Multigrain Hoops 300G,£1.75,£0.58/100g,,,False,,False,3.7,23,False,https://www.tesco.com/groceries/en-GB/products/297461811,https://digitalcontent.api.tesco.com/v2/media/ghs/c088ea5e-a757-4f5c-affb-2faeabb3f0c0/a9d63c99-6234-453b-bc65-49353993b775.jpeg?h=225&w=225,Food Cupboard,Cereals
304369317,Quaker Big Bowl Golden Syrup Porridge Sachets 6x49.6g,£1.75,£0.59/100g,,,False,,False,4.1,7,False,https://www.tesco.com/groceries/en-GB/products/304369317,https://digitalcontent.api.tesco.com/v2/media/ghs/28cb81c4-4a19-4ecb-91c4-1bb6cbd73125/61950fbf-643f-49cb-8f92-068f6300b3cf_1337978272.jpeg?h=225&w=225,Food Cupboard,Cereals
268583152,Tesco Free From Choco Snaps Cereal 300G,£1.75,£0.58/100g,,,False,,False,,23,False,https://www.tesco.com/groceries/en-GB/products/268583152,https://digitalcontent.api.tesco.com/v2/media/ghs/3e31afd4-5dca-4112-acc9-f80cd903e317/d3b98ecf-9046-451e-9f61-cfe22d707f87_1560749225.jpeg?h=225&w=225,Food Cupboard,Cereals
297519261,Quaker Protein Oat So Simple Original Porridge Sachets 8x37.75g,£3.50,£1.16/100g,Any 2 for £4.50 Clubcard Price - Selected Quaker Oat So Simple Porridge,,True,Offer valid for delivery from 23/02/2025 until 21/02/2026,False,,2,False,https://www.tesco.com/groceries/en-GB/products/297519261,https://digitalcontent.api.tesco.com/v2/media/ghs/3caa3a7a-3b5b-47eb-b4b4-0458074d46fd/a37cafae-d87f-4316-8772-3b35c8f9a029_1446824581.jpeg?h=225&w=225,Food Cupboard,Cereals
307366212,Quaker Oat So Simple Classic Banana Porridge Sachets 10x34.8g,£3.50,£1.01/100g,Any 2 for £4.50 Clubcard Price - Selected Quaker Oat So Simple Porridge,,True,Offer valid for delivery from 23/02/2025 until 21/02/2026,False,4.2,9,False,https://www.tesco.com/groceries/en-GB/products/307366212,https://digitalcontent.api.tesco.com/v2/media/ghs/955ac281-a308-477b-b8a3-9bcd08909790/3605d198-77fe-4ba4-845c-8ef3dd8623d7_1084374033.jpeg?h=225&w=225,Food Cupboard,Cereals
302280983,Eat Natural Gluten Free Buckwheat Toasted Muesli 500G,£4.70,£0.94/100g,,,False,,False,4.4,14,False,https://www.tesco.com/groceries/en-GB/products/302280983,https://digitalcontent.api.tesco.com/v2/media/ghs/ce443488-a3e7-46f3-97ed-a41594cdd223/2d5101fb-0603-4bba-88cb-e8b3d972d6e2_1743894947.jpeg?h=225&w=225,Food Cupboard,Cereals
302287987,"Eat Natural Gluten Free Granola - Buckwheat, Seeds and Honey 425g",£4.70,£1.11/100g,,,False,,False,3.8,6,False,https://www.tesco.com/groceries/en-GB/products/302287987,https://digitalcontent.api.tesco.com/v2/media/ghs/90e7837e-e69c-4ddc-8bfc-24fad8509675/f63869de-07ac-48db-a219-356c07c0a210_424965855.jpeg?h=225&w=225,Food Cupboard,Cereals
306945652,Nutella B-Ready Chocolate Wafers 15 X 22G,£5.35,£1.62/100g,,,False,,False,,2,False,https://www.tesco.com/groceries/en-GB/products/306945652,https://digitalcontent.api.tesco.com/v2/media/ghs/7b164271-265f-488a-9243-15ac69753172/fa6650c0-9f6f-477d-ac54-c99fb1d3d54b_1851203487.jpeg?h=225&w=225,Food Cupboard,Cereals
314936697,Lizi's Low Sugar Granola Nuts & Seeds 450g,£4.00,£0.89/100g,£2.75 Clubcard Price,(£0.61/100g),True,Offer valid for delivery from 16/04/2025 until 13/05/2025,False,,10,False,https://www.tesco.com/groceries/en-GB/products/314936697,https://digitalcontent.api.tesco.com/v2/media/ghs/b3aae56c-34ba-4fe6-ac2d-e207a9f57b65/527b778c-5d03-4db5-b7ea-9298970a9a37_2039315125.jpeg?h=225&w=225,Food Cupboard,Cereals
314834230,Lizi's Low Sugar Granola Maple & Pecan 450g,,,£2.75 Clubcard Price,(£0.61/100g),True,Offer valid for delivery from 16/04/2025 until 13/05/2025,False,3.2,4,False,https://www.tesco.com/groceries/en-GB/products/314834230,https://digitalcontent.api.tesco.com/v2/media/ghs/1d90e607-ec1c-4e72-8ef7-3fe565fadae6/83229f9c-4e41-44bd-97c8-c440fe614307_736104557.jpeg?h=225&w=225,Food Cupboard,Cereals
271515380,FUEL10K Super Berry Protein Granola Breakfast Cereal 400g,£3.50,£0.88/100g,£2.75 Clubcard Price,(£0.69/100g),True,Offer valid for delivery from 16/04/2025 until 13/05/2025,False,4.4,41,False,https://www.tesco.com/groceries/en-GB/products/271515380,https://digitalcontent.api.tesco.com/v2/media/ghs/64d4b0c1-adfb-4645-b825-9f993642881d/a43bf4f8-5f4e-4018-9181-60d35a355560_1967748513.jpeg?h=225&w=225,Food Cupboard,Cereals
266804794,Nairns Gluten Free Oat Muesli 450G,£3.20,£0.71/100g,,,False,,False,4.6,9,False,https://www.tesco.com/groceries/en-GB/products/266804794,https://digitalcontent.api.tesco.com/v2/media/ghs/331e3f86-f560-4b98-a64c-22c170ab4c4b/62cefaa6-5037-49af-ab17-7f72db0fd835_1784405382.jpeg?h=225&w=225,Food Cupboard,Cereals
311445997,BelVita Breakfast Soft Bakes Apricot Filled 5 Pack 250G,£2.95,£1.18/100g,,,False,,False,4.5,83,False,https://www.tesco.com/groceries/en-GB/products/311445997,https://digitalcontent.api.tesco.com/v2/media/ghs/dab8cc10-c75e-4321-b562-fa0828688272/55e62c8c-813a-4c27-8ae7-8da3d074e74c_2014526325.jpeg?h=225&w=225,Food Cupboard,Cereals
301073965,Quaker Oat Granola Golden Crunch 500g,£3.50,£0.70/100g,£2.50 Clubcard Price,(£0.50/100g),True,Offer valid for delivery from 16/04/2025 until 13/05/2025,False,3.5,2,False,https://www.tesco.com/groceries/en-GB/products/301073965,https://digitalcontent.api.tesco.com/v2/media/ghs/271bfad6-8e21-4d6c-950c-853cb0877e12/f549420a-d26b-45b3-b6b3-550d364c4fa5_1646876253.jpeg?h=225&w=225,Food Cupboard,Cereals
293216458,Quaker Oat So Simple Gluten Free Porridge Sachets 10x35g,£3.80,£1.09/100g,,,False,,False,4.4,5,False,https://www.tesco.com/groceries/en-GB/products/293216458,https://digitalcontent.api.tesco.com/v2/media/ghs/f72aac92-9379-4fdf-8b9d-d6541ff5fa84/bf343190-e3e9-4b4a-bd4e-2e4fcf5d8d11_225814324.jpeg?h=225&w=225,Food Cupboard,Cereals
310671785,Kellogg's Special K Mixed Berries Granola 350G,£3.00,£0.86/100g,£2.25 Save 25% Clubcard Price,(£0.64/100g),True,Offer valid for delivery from 16/04/2025 until 10/06/2025,False,4.5,106,False,https://www.tesco.com/groceries/en-GB/products/310671785,https://digitalcontent.api.tesco.com/v2/media/ghs/3da57c67-0469-4cd3-b0aa-c57b37ce5240/2a9c4a3b-2279-47d7-858c-3c9f41e719e3_148109375.jpeg?h=225&w=225,Food Cupboard,Cereals
282243382,Kellogg's Crunchy Nut Caramelised Granola 380G,£3.30,£0.87/100g,£2.75 Clubcard Price,(£0.72/100g),True,Offer valid for delivery from 16/04/2025 until 13/05/2025,False,4.2,4,False,https://www.tesco.com/groceries/en-GB/products/282243382,https://digitalcontent.api.tesco.com/v2/media/ghs/d9581b27-6f9e-4d45-9c87-54f5e40362ca/49a5c0a5-2016-422b-9190-5c89a134982a_139870466.jpeg?h=225&w=225,Food Cupboard,Cereals
314847981,Jordans Super Nutty Granola 500g,£4.00,£0.80/100g,£3.00 Save 25% Clubcard Price,(£0.60/100g),True,Offer valid for delivery from 31/03/2025 until 13/05/2025,False,4.7,19,False,https://www.tesco.com/groceries/en-GB/products/314847981,https://digitalcontent.api.tesco.com/v2/media/ghs/958893c3-ec3c-410d-a9db-4565e3033445/5a3d4026-2f60-4382-8a6c-87278fef9621_1439836453.jpeg?h=225&w=225,Food Cupboard,Cereals
314708000,Jordans Super Berry Granola 500g,£4.00,£0.80/100g,£3.00 Save 25% Clubcard Price,(£0.60/100g),True,Offer valid for delivery from 31/03/2025 until 13/05/2025,False,,20,False,https://www.tesco.com/groceries/en-GB/products/314708000,https://digitalcontent.api.tesco.com/v2/media/ghs/484a86fb-931b-4595-82c9-9dda4d836012/cd616880-6c4a-43c6-a1d3-eec7ef60a582_357339516.jpeg?h=225&w=225,Food Cupboard,Cereals
308475801,Tesco Finest Chocolate & Berry Granola 500G,£3.00,£0.60/100g,,,False,,False,4.3,34,False,https://www.tesco.com/groceries/en-GB/products/308475801,https://digitalcontent.api.tesco.com/v2/media/ghs/9f2f3cca-a481-4bd1-8b46-e10e555ba376/e3f4c3d0-c080-4f24-b125-a82763bc9c49_525456308.jpeg?h=225&w=225,Food Cupboard,Cereals
307761654,Tesco Finest Berry & Cherry Museli 500G,£3.00,£0.60/100g,,,False,,False,4.1,15,False,https://www.tesco.com/groceries/en-GB/products/307761654,https://digitalcontent.api.tesco.com/v2/media/ghs/92ee4507-df67-4356-8e64-7bfa88d8c65f/c9fa96fb-b212-4d99-8aa2-4d95c466c95d_1183366326.jpeg?h=225&w=225,Food Cupboard,Cereals
310698097,Kellogg's Special K Dark Chocolate Granola 350G,£3.00,£0.86/100g,£2.25 Save 25% Clubcard Price,(£0.64/100g),True,Offer valid for delivery from 16/04/2025 until 10/06/2025,False,4.4,98,False,https://www.tesco.com/groceries/en-GB/products/310698097,https://digitalcontent.api.tesco.com/v2/media/ghs/102a9b41-35e9-4f50-a2e0-b863f36daa31/1845daa4-66de-4c54-b595-6993929f4cfe_1728899031.jpeg?h=225&w=225,Food Cupboard,Cereals
312083602,Bio&Me Apple & Cinnamon Gut-Loving Porridge 400g,£2.95,£0.74/100g,£2.00 Clubcard Price,(£0.50/100g),True,Offer valid for delivery from 16/04/2025 until 13/05/2025,False,4.5,22,False,https://www.tesco.com/groceries/en-GB/products/312083602,https://digitalcontent.api.tesco.com/v2/media/ghs/1af14dab-3957-4780-98cc-ad8c1ef5f327/006ae559-36d4-40b2-9c56-2529938d77b2_1943415510.jpeg?h=225&w=225,Food Cupboard,Cereals
300455544,Tesco Finest Fruit Nut & Seed Muesli 500G,£3.00,£0.60/100g,,,False,,False,3.8,19,False,https://www.tesco.com/groceries/en-GB/products/300455544,https://digitalcontent.api.tesco.com/v2/media/ghs/e32b4726-d8f6-4da6-864d-41cc882f8d26/9f1f35a4-5ca1-4847-ba3d-f521bfad2ba7_2077151242.jpeg?h=225&w=225,Food Cupboard,Cereals
312103957,Bio&Me Oats & Plenty Super Seedy & Nutty 400g,£2.95,£0.74/100g,£2.00 Clubcard Price,(£0.50/100g),True,Offer valid for delivery from 16/04/2025 until 13/05/2025,False,4.6,19,False,https://www.tesco.com/groceries/en-GB/products/312103957,https://digitalcontent.api.tesco.com/v2/media/ghs/9b050dac-531d-404d-ba38-6a6c09b0ced8/b0cee5cd-83c7-46d6-b037-174910de656e_93965754.jpeg?h=225&w=225,Food Cupboard,Cereals
311803709,"Bio&Me Low Sugar, Naturally Gut-Loving Granola 360g",£3.95,£1.10/100g,£2.75 Clubcard Price,(£0.76/100g),True,Offer valid for delivery from 31/03/2025 until 21/04/2025,False,4.3,32,False,https://www.tesco.com/groceries/en-GB/products/311803709,https://digitalcontent.api.tesco.com/v2/media/ghs/0021165f-0406-410c-9b38-b602a898f0a6/e127f2ec-2983-4d7f-9394-28dd8261c0f5_938521487.jpeg?h=225&w=225,Food Cupboard,Cereals
311943088,Bio&Me Super Seedy & Nutty Gut-Loving Granola 360g,£3.95,£1.10/100g,£2.75 Clubcard Price,(£0.76/100g),True,Offer valid for delivery from 31/03/2025 until 21/04/2025,False,4.3,25,False,https://www.tesco.com/groceries/en-GB/products/311943088,https://digitalcontent.api.tesco.com/v2/media/ghs/b9540757-6d65-471c-9316-3ab29a707f54/1cbcba61-43b8-4ea1-b659-21bbb4088ad5_138759575.jpeg?h=225&w=225,Food Cupboard,Cereals
260194020,Tesco Finest Scottish Porridge Oats 750g,£2.10,£0.28/100g,,,False,,False,3.3,35,False,https://www.tesco.com/groceries/en-GB/products/260194020,https://digitalcontent.api.tesco.com/v2/media/ghs/e3949855-9fd3-49b1-8180-4b0791931bbe/3720c0eb-2338-447b-8e22-359128f9dafe_778520400.jpeg?h=225&w=225,Food Cupboard,Cereals
289348092,Kellogg's Special K Cereal - Milk Chocolate 360g,£3.50,£0.97/100g,,,False,,False,,2,False,https://www.tesco.com/groceries/en-GB/products/289348092,https://digitalcontent.api.tesco.com/v2/media/ghs/bb712ca2-2c0e-4540-819b-ef6a88d50eef/c3278f31-6ad7-42d0-981a-ffc75b57c143_563259199.jpeg?h=225&w=225,Food Cupboard,Cereals
308451115,KIND Protein Crunchy Peanut Butter Snack bars 3x42g,£3.00,£2.38/100g,£2.50 Clubcard Price,(£1.98/100g),True,Offer valid for delivery from 26/03/2025 until 22/04/2025,False,4.6,7,False,https://www.tesco.com/groceries/en-GB/products/308451115,https://digitalcontent.api.tesco.com/v2/media/ghs/2c48abb3-174d-4c78-82ce-ed5565a22ff6/f79f6104-c523-4866-a422-940f88a4773d_554032560.jpeg?h=225&w=225,Food Cupboard,Cereals
271099738,BelVita Breakfast Biscuits Yogurt Crunch 5 Pack 253G,£2.75,£1.09/100g,£1.75 Clubcard Price,(£0.69/100g),True,Offer valid for delivery from 26/03/2025 until 22/04/2025,False,4.2,4,False,https://www.tesco.com/groceries/en-GB/products/271099738,https://digitalcontent.api.tesco.com/v2/media/ghs/de95d1a5-114c-485b-a94f-2b8f35565c64/79580c2e-ce4d-4619-b780-ac58bb65c096_1489829066.jpeg?h=225&w=225,Food Cupboard,Cereals
311273206,KIND Maple Pecan & Almond Bars cereal bars 3x30g,£3.00,£3.33/100g,£2.00 Save 1/3 Clubcard Price,(£2.22/100g),True,Offer valid for delivery from 26/03/2025 until 20/05/2025,False,4.5,4,False,https://www.tesco.com/groceries/en-GB/products/311273206,https://digitalcontent.api.tesco.com/v2/media/ghs/4bc6671f-a210-40e4-91ea-d79945a7118c/4d59b7fb-402f-4f59-b5bc-9dac48929855_1454681743.jpeg?h=225&w=225,Food Cupboard,Cereals
308103494,KIND Caramel Almond & Sea Salt cereal bars 3x30g,£3.00,£3.33/100g,£2.00 Save 1/3 Clubcard Price,(£2.22/100g),True,Offer valid for delivery from 26/03/2025 until 22/04/2025,False,4.7,23,False,https://www.tesco.com/groceries/en-GB/products/308103494,https://digitalcontent.api.tesco.com/v2/media/ghs/8a11f8ca-2bfb-4c3b-ae83-be52f7963e05/1e60d65e-154d-4b17-ab67-947e55a7f068_887738592.jpeg?h=225&w=225,Food Cupboard,Cereals
297609333,Moma Porridge Almond Butter & Salted Caramel 55G,£1.30,£2.36/100g,Any 3 for £3 Clubcard Price - Selected Porridge Pots Bars Or Drinks,,True,Offer valid for delivery from 24/02/2025 until 28/02/2026,False,,3,False,https://www.tesco.com/groceries/en-GB/products/297609333,https://digitalcontent.api.tesco.com/v2/media/ghs/1625cd7f-0ba0-4e56-988e-1e664eb93f1a/c6a87664-3e56-49b4-82a1-7cb33e58ed10_30443863.jpeg?h=225&w=225,Food Cupboard,Cereals
311943670,Quaker Oat So Simple Simply Strawberry Porridge Sachets 8x32.5g,£3.50,£1.35/100g,Any 2 for £4.50 Clubcard Price - Selected Quaker Oat So Simple Porridge,,True,Offer valid for delivery from 23/02/2025 until 21/02/2026,False,,3,False,https://www.tesco.com/groceries/en-GB/products/311943670,https://digitalcontent.api.tesco.com/v2/media/ghs/c1f9edb2-7417-402a-abc0-d0eb8aaa69f8/93f53880-d516-455b-b5f1-9062d08baef1_1579569290.jpeg?h=225&w=225,Food Cupboard,Cereals
299669040,Kellogg's Crunchy Nut Granola - Hazelnut & Chocolate 600g,£4.50,£0.75/100g,,,False,,False,,1,False,https://www.tesco.com/groceries/en-GB/products/299669040,https://digitalcontent.api.tesco.com/v2/media/ghs/0432bb43-e262-4e79-8421-96f511f6355c/a067dd6b-383b-423b-b83b-50c9874d1304_428846427.jpeg?h=225&w=225,Food Cupboard,Cereals
317537001,"Linwoods Energy Overnight Oats, Strawberry Flavour 300g",£4.00,£1.33/100g,,,False,,False,,,False,https://www.tesco.com/groceries/en-GB/products/317537001,https://digitalcontent.api.tesco.com/v2/media/ghs/2a06eb7f-37c7-46dd-9675-c1a2c9620cc8/72087bb1-243e-471c-a478-705c5a2a8433_4958730.jpeg?h=225&w=225,Food Cupboard,Cereals
317061373,Kellogg's Crunchy Nut Breakfast Cereal 460g,£3.50,£0.76/100g,£3.00 Clubcard Price,(£0.65/100g),True,Offer valid for delivery from 16/04/2025 until 13/05/2025,False,4.7,19,False,https://www.tesco.com/groceries/en-GB/products/317061373,https://digitalcontent.api.tesco.com/v2/media/ghs/b4ee70ea-b8ff-4120-8d74-e7630c0124cc/1bbcf1a3-d9a2-44c8-b5cd-90385f8a7858_553634018.jpeg?h=225&w=225,Food Cupboard,Cereals
317539402,Linwoods Protein Overnight Oats Chocolate Flavour 300g,£4.00,£1.33/100g,,,False,,False,,,False,https://www.tesco.com/groceries/en-GB/products/317539402,https://digitalcontent.api.tesco.com/v2/media/ghs/2a651089-d9f2-4cf3-b05e-3b1a98288d62/d362261f-0ce4-498d-b9c3-bf5e020bea4d_1097646624.jpeg?h=225&w=225,Food Cupboard,Cereals
313861112,Weetabix Crispy Minis Cereal - Chocolate Chip 500g,£3.80,£0.76/100g,£2.50 Save 1/3 Clubcard Price,(£0.50/100g),True,Offer valid for delivery from 16/04/2025 until 13/05/2025,False,4.5,53,False,https://www.tesco.com/groceries/en-GB/products/313861112,https://digitalcontent.api.tesco.com/v2/media/ghs/82ef878e-f782-4e75-b32f-62a0a81f7852/6a3deefd-c46d-4dc5-a319-45eca671a0e6_1676161567.jpeg?h=225&w=225,Food Cupboard,Cereals
292575448,Weetabix Protein Cereal 24 Pack,,,,,False,,False,4.1,68,False,https://www.tesco.com/groceries/en-GB/products/292575448,https://digitalcontent.api.tesco.com/v2/media/ghs/00507d30-ed78-406f-9113-8cf035c4a9af/7b48107d-3dd2-48c1-956a-2802ec4c9f78_1172295934.jpeg?h=225&w=225,Food Cupboard,Cereals
314095971,Weetabix Crispy Minis Fruit & Nut Cereal 500G,£3.80,£0.76/100g,£2.50 Save 1/3 Clubcard Price,(£0.50/100g),True,Offer valid for delivery from 16/04/2025 until 13/05/2025,False,4.6,51,False,https://www.tesco.com/groceries/en-GB/products/314095971,https://digitalcontent.api.tesco.com/v2/media/ghs/dd9da81c-75d4-4188-b88b-1bcd878df434/16e14833-a707-4627-8bda-3ec10fe3865e_1570684196.jpeg?h=225&w=225,Food Cupboard,Cereals
317984496,MOMA Apple Cinnamon & Brown Sugar Porridge 7 Sachets 280g,£3.30,£1.18/100g,£2.00 Clubcard Price,(£0.71/100g),True,Offer valid for delivery from 16/04/2025 until 13/05/2025,False,,,False,https://www.tesco.com/groceries/en-GB/products/317984496,https://digitalcontent.api.tesco.com/v2/media/ghs/2ed3a3af-1431-4331-84ee-9603b85b0735/da7f91a7-9257-48b3-8e54-2b0bd40043a4_2111919981.jpeg?h=225&w=225,Food Cupboard,Cereals
254853125,Kellogg's Fruit & Fibre Cereal 500G,£2.90,£0.58/100g,,,False,,False,,,False,https://www.tesco.com/groceries/en-GB/products/254853125,https://digitalcontent.api.tesco.com/v2/media/ghs/05ee6d41-8b98-4fd8-864b-f4559467b021/b92c906a-eddf-4d7b-a99f-3a64d482770c_1212718741.jpeg?h=225&w=225,Food Cupboard,Cereals
315746649,Nestle Shreddies Coco Cereal 600g,£3.50,£0.58/100g,£2.50 Clubcard Price,(£0.42/100g),True,Offer valid for delivery from 16/04/2025 until 13/05/2025,False,4.8,379,False,https://www.tesco.com/groceries/en-GB/products/315746649,https://digitalcontent.api.tesco.com/v2/media/ghs/192cd02e-b6cb-4e83-9c79-8f6c24a027df/8bce4e9c-cf09-45d7-9170-98f43972588a_1091120225.jpeg?h=225&w=225,Food Cupboard,Cereals
316293779,Perkier Protein Bars - Salted Caramel Dark Chocolate 3 Pack 37g,£2.85,£2.57/100g,,,False,,False,,1,False,https://www.tesco.com/groceries/en-GB/products/316293779,https://digitalcontent.api.tesco.com/v2/media/ghs/87bc488d-c565-4dc4-bf93-de855213e22e/4b25d63f-15b0-4cfd-8aef-1caaa77457bd_721148360.jpeg?h=225&w=225,Food Cupboard,Cereals
256619556,Kellogg's All Bran Cereal 500G,£2.50,£0.50/100g,,,False,,False,,,False,https://www.tesco.com/groceries/en-GB/products/256619556,https://digitalcontent.api.tesco.com/v2/media/ghs/dea5f0b7-b916-421f-ab8a-f60ba05fa4a3/28e8bafc-7c48-4db6-a035-e26c6f6bfbaa_1860059189.jpeg?h=225&w=225,Food Cupboard,Cereals
315383945,Quaker Porridge To Go Strawberry Raspberry & Cranberry Bars 2X55G,£1.75,£1.59/100g,Any 3 for £3 Clubcard Price - Selected Porridge Pots Bars Or Drinks,,True,Offer valid for delivery from 24/02/2025 until 28/02/2026,False,,,False,https://www.tesco.com/groceries/en-GB/products/315383945,https://digitalcontent.api.tesco.com/v2/media/ghs/ffc59a32-1dca-4e9d-b443-1a451196904e/90a29f8c-bd95-4575-9bc1-0f18987769c3_1886777828.jpeg?h=225&w=225,Food Cupboard,Cereals
318191516,Nestle Shreddies Wholegrain Cereal - Original 390g,£2.00,£0.51/100g,,,False,,False,4.8,2152,False,https://www.tesco.com/groceries/en-GB/products/318191516,https://digitalcontent.api.tesco.com/v2/media/ghs/6947c2cd-2ac3-4923-8382-fc56c6c18eec/6d3ee6c8-3787-43b6-9e19-89b1582bde52_1625182145.jpeg?h=225&w=225,Food Cupboard,Cereals
314422251,Graze Superfood Oat Boosts - Cocoa Orange 4x30g,£2.75,£2.29/100g,£1.75 Clubcard Price,(£1.46/100g),True,Offer valid for delivery from 26/03/2025 until 25/05/2025,False,4.6,166,False,https://www.tesco.com/groceries/en-GB/products/314422251,https://digitalcontent.api.tesco.com/v2/media/ghs/49d5bb66-eaf9-4d2f-b4ee-1c3eeb426deb/590a2e5f-9680-4a3a-81dd-0f74fba73332_233510021.jpeg?h=225&w=225,Food Cupboard,Cereals
315835112,Nestle Shreddies Frosted Cereal 600g,£3.50,£0.58/100g,,,False,,False,4.7,500,False,https://www.tesco.com/groceries/en-GB/products/315835112,https://digitalcontent.api.tesco.com/v2/media/ghs/f8b3ddc9-19e1-4c82-a469-116c9433055f/7ff5d5bd-c52b-4315-86ea-4e4813cebfd9_2012747124.jpeg?h=225&w=225,Food Cupboard,Cereals
313941035,Graze Sticky Toffee Oat Boosts Flapjack Snack 4x30G,£2.75,£2.29/100g,£1.75 Clubcard Price,(£1.46/100g),True,Offer valid for delivery from 26/03/2025 until 25/05/2025,False,4.7,222,False,https://www.tesco.com/groceries/en-GB/products/313941035,https://digitalcontent.api.tesco.com/v2/media/ghs/4e741578-f402-417c-b101-a7f74c412f68/799c36ab-60ee-467c-b86f-d35e3f3aeeaf_885609923.jpeg?h=225&w=225,Food Cupboard,Cereals
303300815,Kellogg's Crunchy Nut 300G,£2.25,£0.75/100g,,,False,,False,,3,False,https://www.tesco.com/groceries/en-GB/products/303300815,https://digitalcontent.api.tesco.com/v2/media/ghs/c8f95898-ec02-441d-932a-2466cc948d8f/c9366638-e9d3-4107-96aa-22c1f5f6eccb_1257560754.jpeg?h=225&w=225,Food Cupboard,Cereals
317993220,Kellogg's Honey Pops Breakfast Cereal 330g,£2.00,£0.61/100g,,,False,,False,,3,False,https://www.tesco.com/groceries/en-GB/products/317993220,https://digitalcontent.api.tesco.com/v2/media/ghs/433d9440-c059-4ce9-8a6d-03cfe97973ab/4b08a8d7-2d99-4ddd-94d1-6527238f6c02_253514571.jpeg?h=225&w=225,Food Cupboard,Cereals
308497746,Kellogg's Rice Krispies Squares Cookies & Cream Snack Bars 4x34g,£2.25,£1.65/100g,£1.65 Save 25% Clubcard Price,(£1.21/100g),True,Offer valid for delivery from 26/02/2025 until 22/04/2025,False,4.5,114,False,https://www.tesco.com/groceries/en-GB/products/308497746,https://digitalcontent.api.tesco.com/v2/media/ghs/8da85bda-43ff-4243-be5f-ec8ffb63afd3/08eed392-b67a-4210-9b47-83b49c252e02_839137241.jpeg?h=225&w=225,Food Cupboard,Cereals
315590901,Bio & Me Gluten Free Porridge Nice & Nutty 58g,£1.30,£2.24/100g,Any 3 for £3 Clubcard Price - Selected Porridge Pots Bars Or Drinks,,True,Offer valid for delivery from 24/02/2025 until 28/02/2026,False,,11,False,https://www.tesco.com/groceries/en-GB/products/315590901,https://digitalcontent.api.tesco.com/v2/media/ghs/fc92ad67-f718-4a00-a08c-b7d819498517/cdec6552-f117-465f-80a3-66da6576cdb1_1450809039.jpeg?h=225&w=225,Food Cupboard,Cereals
315456917,Bio&Me Gluten Free Porridge - Spiced Apple 58g,£1.30,£2.24/100g,Any 3 for £3 Clubcard Price - Selected Porridge Pots Bars Or Drinks,,True,Offer valid for delivery from 24/02/2025 until 28/02/2026,False,3.9,15,False,https://www.tesco.com/groceries/en-GB/products/315456917,https://digitalcontent.api.tesco.com/v2/media/ghs/8275e574-3f59-4b28-830c-df23d1e07dc5/eae7a578-223c-41b7-8df8-c633a2dfacec_1149506138.jpeg?h=225&w=225,Food Cupboard,Cereals
313848244,Go Ahead Forest Fruit Crispy Fruit Slices Snack Bars Multipack 4 x 43.6g,£1.25,£0.72/100g,,,False,,False,4.5,115,False,https://www.tesco.com/groceries/en-GB/products/313848244,https://digitalcontent.api.tesco.com/v2/media/ghs/f2068e8a-fca5-440c-9e20-dad2dbcda384/d01f8a74-76e9-47c3-9000-9ba6c0211635_1662475364.jpeg?h=225&w=225,Food Cupboard,Cereals
313845987,Go Ahead Apple Crispy Fruit Slices Snack Bars Multipack 4 x 43.6g,£1.25,£0.72/100g,,,False,,False,4.7,66,False,https://www.tesco.com/groceries/en-GB/products/313845987,https://digitalcontent.api.tesco.com/v2/media/ghs/9815a7f2-3de1-4eec-8351-21c6f560b2a8/d6c34b4a-db8c-4742-8fef-0c6e6e04dec4_1843462718.jpeg?h=225&w=225,Food Cupboard,Cereals
313519749,Go Ahead Raspberry Crispy Fruit Slices Snack Bars Multipack 4 x 43.6g,£1.25,£0.72/100g,,,False,,False,4.6,99,False,https://www.tesco.com/groceries/en-GB/products/313519749,https://digitalcontent.api.tesco.com/v2/media/ghs/0aa77073-9eef-4a0d-b20b-b24a7728baad/3d24b9cd-a0e3-457d-891a-71bb09abc063_1759047784.jpeg?h=225&w=225,Food Cupboard,Cereals
316647258,FUEL10K Raisin & Almond Protein Granola Breakfast Cereal 400g,£3.50,£0.88/100g,£2.75 Clubcard Price,(£0.69/100g),True,Offer valid for delivery from 16/04/2025 until 13/05/2025,False,4.9,31,False,https://www.tesco.com/groceries/en-GB/products/316647258,https://digitalcontent.api.tesco.com/v2/media/ghs/83df5a74-2bbb-4a76-9571-2ca0a452bb4c/7d9b793f-47a7-43e4-9808-1c8ea968db06_2068389096.jpeg?h=225&w=225,Food Cupboard,Cereals
317991026,Lizi's High Protein Granola - Chocolate & Peanut 350g,£4.00,£1.14/100g,,,False,,False,3.7,3,False,https://www.tesco.com/groceries/en-GB/products/317991026,https://digitalcontent.api.tesco.com/v2/media/ghs/7432dab5-1eeb-40b3-b6a8-680b27e26efb/432bc4db-17ab-4412-b2dd-ee145f09528b_314513503.jpeg?h=225&w=225,Food Cupboard,Cereals
297020591,Lizi's High Protein Granola 350G,£4.00,£1.14/100g,,,False,,False,4.5,4,False,https://www.tesco.com/groceries/en-GB/products/297020591,https://digitalcontent.api.tesco.com/v2/media/ghs/8d075c24-6784-4b4b-8759-3e07776281ac/0cc714fd-2230-47ad-8f8f-abd576e54a0f_1368040677.jpeg?h=225&w=225,Food Cupboard,Cereals
314713402,Jordans No Added Sugar Granola Triple Nut 425g,£3.75,£0.88/100g,,,False,,False,4.9,18,False,https://www.tesco.com/groceries/en-GB/products/314713402,https://digitalcontent.api.tesco.com/v2/media/ghs/e3694b3f-2e9d-447d-94ef-8a26099db142/fb666ad7-afbe-4315-af24-de0fa5f868b8_381613131.jpeg?h=225&w=225,Food Cupboard,Cereals
316318297,Jordans No Added Sugar Granola Apple & Berry 425g,£3.75,£0.88/100g,,,False,,False,4.8,16,False,https://www.tesco.com/groceries/en-GB/products/316318297,https://digitalcontent.api.tesco.com/v2/media/ghs/020dca9f-749b-4c0d-996b-2e8628612f8b/f1c4d648-72ae-4a77-8e88-981fd80bbda8_1569968131.jpeg?h=225&w=225,Food Cupboard,Cereals
320408162,"Bio&Me, Muesli, Super Nutty, 450g",£3.35,£0.74/100g,£2.50 Save 25% Clubcard Price,(£0.56/100g),True,Offer valid for delivery from 16/04/2025 until 13/05/2025,False,4.6,17,False,https://www.tesco.com/groceries/en-GB/products/320408162,https://digitalcontent.api.tesco.com/v2/media/ghs/b656bd5f-d10e-4837-ba4d-2a5228d7ffc3/d54f051a-befd-4143-83ca-75af0a7f4e32_589515385.jpeg?h=225&w=225,Food Cupboard,Cereals
320393943,Bio&Me Apple & Cinnamon Granola 360g,£3.95,£1.10/100g,£2.75 Clubcard Price,(£0.76/100g),True,Offer valid for delivery from 31/03/2025 until 21/04/2025,False,,15,False,https://www.tesco.com/groceries/en-GB/products/320393943,https://digitalcontent.api.tesco.com/v2/media/ghs/ea4b3312-5888-4b7e-8536-d964d61de802/a3d3c00f-95ef-42e5-b5f3-6aff780ba4f7_88666830.jpeg?h=225&w=225,Food Cupboard,Cereals
318185227,Bio&Me Muesli - Fruit & Nut 450g,£3.35,£0.74/100g,£2.50 Save 25% Clubcard Price,(£0.56/100g),True,Offer valid for delivery from 16/04/2025 until 13/05/2025,False,4.9,14,False,https://www.tesco.com/groceries/en-GB/products/318185227,https://digitalcontent.api.tesco.com/v2/media/ghs/57447623-bdc9-42f5-972f-a34e1d23b414/584db488-580d-4856-b7d1-f85db1eaf211_1386400149.jpeg?h=225&w=225,Food Cupboard,Cereals
313624549,Kellogg's Frosties Cereal 925G,£4.60,£0.50/100g,£4.10 Clubcard Price,(£0.44/100g),True,Offer valid for delivery from 31/03/2025 until 21/04/2025,False,4.8,127,False,https://www.tesco.com/groceries/en-GB/products/313624549,https://digitalcontent.api.tesco.com/v2/media/ghs/7b8454c9-8b3b-4922-92fa-dad4433473af/0c364373-6bcf-43a2-80b9-da25c266116f_1347584214.jpeg?h=225&w=225,Food Cupboard,Cereals
313514046,Kellogg's Rice Krispies Cereal 660G,£4.25,£0.64/100g,£3.75 Clubcard Price,(£0.57/100g),True,Offer valid for delivery from 16/04/2025 until 13/05/2025,False,,7,False,https://www.tesco.com/groceries/en-GB/products/313514046,https://digitalcontent.api.tesco.com/v2/media/ghs/0d54d231-e8f4-4a3f-9882-e4c03299b616/ed5629e4-83da-43b3-91aa-58c10eed212f_1859092079.jpeg?h=225&w=225,Food Cupboard,Cereals
313842469,Kellogg's Crunchy Nut Clusters - Chocolate 400g,£3.55,£0.89/100g,£2.75 Clubcard Price,(£0.69/100g),True,Offer valid for delivery from 17/03/2025 until 21/04/2025,False,4.6,68,False,https://www.tesco.com/groceries/en-GB/products/313842469,https://digitalcontent.api.tesco.com/v2/media/ghs/b898f9b5-9eb7-4180-b57c-0c41a5da798f/8c232f48-b8b1-4387-9681-a643fb9d0313_835529023.jpeg?h=225&w=225,Food Cupboard,Cereals
315073727,Dorset Cereals Honey Granola Breakfast Cereal 450g,£3.95,£0.88/100g,,,False,,False,4.9,17,False,https://www.tesco.com/groceries/en-GB/products/315073727,https://digitalcontent.api.tesco.com/v2/media/ghs/aa0e2c60-e6c8-4d6f-ba05-9893eaf262f7/39da93f1-1a40-42d8-9644-9bd6240b2e8f_92181588.jpeg?h=225&w=225,Food Cupboard,Cereals
318082104,FUEL10K Red Berry Multigrain Flakes High Protein Breakfast Cereal 350g,£3.70,£1.06/100g,,,False,,False,4.5,29,False,https://www.tesco.com/groceries/en-GB/products/318082104,https://digitalcontent.api.tesco.com/v2/media/ghs/c0e55ef4-8821-416f-b3f5-ae1c5dbd5dbf/ff665350-e751-4cd5-adce-2c851afa0ca2_1806849412.jpeg?h=225&w=225,Food Cupboard,Cereals
313737865,Kellogg's Crunchy Nut Honey & Nut Clusters Cereal 400G,£3.55,£0.89/100g,£2.75 Clubcard Price,(£0.69/100g),True,Offer valid for delivery from 17/03/2025 until 21/04/2025,False,4.8,150,False,https://www.tesco.com/groceries/en-GB/products/313737865,https://digitalcontent.api.tesco.com/v2/media/ghs/fb6c47b9-87ce-4afe-90b8-c35562457284/8b6eb291-9c6b-431a-87f0-54e693c85638_515415535.jpeg?h=225&w=225,Food Cupboard,Cereals
318078415,FUEL10K Chocolate Multigrain Flakes High Protein Breakfast Cereal 350g,£3.70,£1.06/100g,,,False,,False,4.5,31,False,https://www.tesco.com/groceries/en-GB/products/318078415,https://digitalcontent.api.tesco.com/v2/media/ghs/d4c888ee-d895-4d93-9849-f4049b84788d/72505c33-0f17-49e1-8f0b-cf1474e371ee_1547798621.jpeg?h=225&w=225,Food Cupboard,Cereals
313748178,Kellogg's Frosties Cereal 470G,£3.50,£0.74/100g,£3.00 Clubcard Price,(£0.64/100g),True,Offer valid for delivery from 16/04/2025 until 13/05/2025,False,4.7,3,False,https://www.tesco.com/groceries/en-GB/products/313748178,https://digitalcontent.api.tesco.com/v2/media/ghs/7bbe777e-df1d-4ab9-88c3-f763a914a4a9/eb163a3e-a4bd-49b1-ae9a-9425bf371784_1277182698.jpeg?h=225&w=225,Food Cupboard,Cereals
254852604,Kelloggs Sultana Bran Cereal 500G,£3.00,£0.60/100g,,,False,,False,,,False,https://www.tesco.com/groceries/en-GB/products/254852604,https://digitalcontent.api.tesco.com/v2/media/ghs/db3f594d-5f5e-45a0-940f-8260c1e2521a/ad8b5a96-e81c-4929-b773-ec3e548e439b_1894036839.jpeg?h=225&w=225,Food Cupboard,Cereals
320797615,Alpen Muesli No Added Sugar 950g,£4.00,£0.42/100g,,,False,,False,3.9,32,False,https://www.tesco.com/groceries/en-GB/products/320797615,https://digitalcontent.api.tesco.com/v2/media/ghs/f30e6495-f493-4f0a-b1d9-ff50f4b2b617/6e1465a2-a02a-48a5-a3b9-2ff5567e30a4_834385356.jpeg?h=225&w=225,Food Cupboard,Cereals
320660817,Alpen Muesli Original 950g,£4.00,£0.42/100g,,,False,,False,4.7,18,False,https://www.tesco.com/groceries/en-GB/products/320660817,https://digitalcontent.api.tesco.com/v2/media/ghs/214ea664-e835-4a3b-a0c3-15ffd1850178/8884de1d-93cb-4663-8246-21575f73eb6a_1000009702.jpeg?h=225&w=225,Food Cupboard,Cereals
315363128,Bio&Me Granola Cocoa & Hazelnut 360g,£3.95,£1.10/100g,£2.75 Clubcard Price,(£0.76/100g),True,Offer valid for delivery from 31/03/2025 until 21/04/2025,False,4.8,15,False,https://www.tesco.com/groceries/en-GB/products/315363128,https://digitalcontent.api.tesco.com/v2/media/ghs/6c3212ef-d326-44d0-b673-499fe33ef4fb/1d6a18a0-6471-4e80-8a8d-fbd5cc4dc8f5_1202477589.jpeg?h=225&w=225,Food Cupboard,Cereals
304384195,Dorset Cereals Nutty Muesli 500G,£4.50,£0.90/100g,,,False,,False,4.8,9,False,https://www.tesco.com/groceries/en-GB/products/304384195,https://digitalcontent.api.tesco.com/v2/media/ghs/0fae1768-1bfb-4209-b871-8212adc25d5f/cadd0991-573b-46cf-984e-2db89bc801b3_815692519.jpeg?h=225&w=225,Food Cupboard,Cereals
314310927,Nestlé GoFree Honeynut Flakes Cereal 350g,£2.50,£0.71/100g,,,False,,False,4.4,385,False,https://www.tesco.com/groceries/en-GB/products/314310927,https://digitalcontent.api.tesco.com/v2/media/ghs/bffc2f6e-8183-4b12-a3a5-59ff39fc1001/1a9392c7-14fa-4417-adc3-be2895f6895e_1989991894.jpeg?h=225&w=225,Food Cupboard,Cereals
314704874,Kellogg's Special K Original Cereal 440g,£3.50,£0.80/100g,,,False,,False,4.6,99,False,https://www.tesco.com/groceries/en-GB/products/314704874,https://digitalcontent.api.tesco.com/v2/media/ghs/ffe9d8e3-63e7-49dc-bfd5-6437f3bc963d/781e1b44-a8cb-4171-85e8-28f9379c8545_1545965166.jpeg?h=225&w=225,Food Cupboard,Cereals
317048228,Kellogg's Corn Flakes Breakfast Cereal 670g,£3.30,£0.49/100g,£2.70 Clubcard Price,(£0.40/100g),True,Offer valid for delivery from 16/04/2025 until 13/05/2025,False,2.4,26,False,https://www.tesco.com/groceries/en-GB/products/317048228,https://digitalcontent.api.tesco.com/v2/media/ghs/329fb8e3-e1aa-4f9e-b839-f13e76638d3a/d8aeb563-13e7-42a2-9cbd-18d2461bc8e0_1688906572.jpeg?h=225&w=225,Food Cupboard,Cereals
314107878,Freee Gluten Free Organic Vegan Chocolate Stars 300g,£2.70,£0.90/100g,,,False,,False,,1,False,https://www.tesco.com/groceries/en-GB/products/314107878,https://digitalcontent.api.tesco.com/v2/media/ghs/8d2b0cb6-a67c-4116-9f51-1f38e0e85403/6e0afcc8-dd03-4c77-b7de-bb368edf57fa_2067192417.jpeg?h=225&w=225,Food Cupboard,Cereals
315837922,Kellogg's Special K High Fibre Crunchy Golden Clusters Cereal 360g,£3.30,£0.92/100g,,,False,,False,3.9,8,False,https://www.tesco.com/groceries/en-GB/products/315837922,https://digitalcontent.api.tesco.com/v2/media/ghs/facffe85-576f-4d02-9d91-22175f6bddc0/f6be57eb-6885-4e53-b95b-4892f92f567e_987774524.jpeg?h=225&w=225,Food Cupboard,Cereals
317977384,Kallo Organic Superfruit Granola 360g,£3.80,£1.06/100g,,,False,,False,4.6,41,False,https://www.tesco.com/groceries/en-GB/products/317977384,https://digitalcontent.api.tesco.com/v2/media/ghs/d7e802d8-6206-4893-8c92-4649580ba3d1/7a70ba30-795e-496f-870f-37f7bdafab77_2042023708.jpeg?h=225&w=225,Food Cupboard,Cereals
317875959,Kallo Organic Three Nut Granola 360g,£3.80,£1.06/100g,,,False,,False,4.6,50,False,https://www.tesco.com/groceries/en-GB/products/317875959,https://digitalcontent.api.tesco.com/v2/media/ghs/903a3488-cb18-4353-9c1b-6d2929e23709/34165e4d-b9a2-4b39-95b6-a24c1f388c97_1845274764.jpeg?h=225&w=225,Food Cupboard,Cereals
277032699,Kellogg's Corn Flakes 250g,£2.00,£0.80/100g,,,False,,False,,1,False,https://www.tesco.com/groceries/en-GB/products/277032699,https://digitalcontent.api.tesco.com/v2/media/ghs/c4df9244-b9a2-49cc-b702-501b5022df83/3ab23c42-ff52-485e-ba1d-54f2402ca892_1340682534.jpeg?h=225&w=225,Food Cupboard,Cereals
313855241,Nestle GoFree Cornflakes Cereal 375g,£2.50,£0.67/100g,,,False,,False,4.6,1284,False,https://www.tesco.com/groceries/en-GB/products/313855241,https://digitalcontent.api.tesco.com/v2/media/ghs/9e397b03-f170-4ac3-98e4-d96c4319930a/59075278-bf6d-41f6-b323-0632f8b1a665_1895350325.jpeg?h=225&w=225,Food Cupboard,Cereals
316661534,Jordans Country Crisp Blueberry Crumble Cereal 450g,£3.60,£0.80/100g,,,False,,False,4.5,6,False,https://www.tesco.com/groceries/en-GB/products/316661534,https://digitalcontent.api.tesco.com/v2/media/ghs/de9793b1-9493-409d-9242-375621341cd0/45a6e832-0853-4991-bb52-1d8d31491545_1657699697.jpeg?h=225&w=225,Food Cupboard,Cereals
320570457,Jordans Country Crisp Chunky Nut Cereal 450g,£3.60,£0.80/100g,,,False,,False,4.7,33,False,https://www.tesco.com/groceries/en-GB/products/320570457,https://digitalcontent.api.tesco.com/v2/media/ghs/15f1062c-bfd0-4cb9-b5d5-1e6025f79d0c/fe4fd14b-9397-40b6-a57a-885ad68be712_2110603394.jpeg?h=225&w=225,Food Cupboard,Cereals
314603694,Weetos Chocolatey Hoops Cereal 600g,£3.50,£0.58/100g,,,False,,False,4.6,78,False,https://www.tesco.com/groceries/en-GB/products/314603694,https://digitalcontent.api.tesco.com/v2/media/ghs/b05ef7bb-6edf-4427-9212-681b70b32a09/32434213-825d-4c12-8531-29e473447a50_443625740.jpeg?h=225&w=225,Food Cupboard,Cereals
317856124,Tesco Free From Fruit & Seed Muesli 450g,£2.30,£0.51/100g,,,False,,False,,1,False,https://www.tesco.com/groceries/en-GB/products/317856124,https://digitalcontent.api.tesco.com/v2/media/ghs/0d80dad5-b35d-4add-948f-f0fb12ca250a/f111df9f-9bc0-429a-85c8-633e24ab0660_248851470.jpeg?h=225&w=225,Food Cupboard,Cereals
313186237,Tesco Fruit Muesli 750G,£2.20,£0.29/100g,,,False,,False,4.2,8,False,https://www.tesco.com/groceries/en-GB/products/313186237,https://digitalcontent.api.tesco.com/v2/media/ghs/c1c47de9-52ab-4091-bb58-49bffec3919e/d6c7a42d-8304-45a0-a7b9-05c08dbe0400_1108112802.jpeg?h=225&w=225,Food Cupboard,Cereals
316553271,Kellogg's Corn Flakes Breakfast Cereal 450g,£2.19,£0.49/100g,,,False,,False,4.6,25,False,https://www.tesco.com/groceries/en-GB/products/316553271,https://digitalcontent.api.tesco.com/v2/media/ghs/3c0c0070-a8ce-4124-97f6-5795e88f3835/4c4b2b19-b6a8-4cef-b04d-65d4ecdce7fe_425046790.jpeg?h=225&w=225,Food Cupboard,Cereals
313160291,Tesco Strawberry Granola 1Kg,£2.00,£0.20/100g,,,False,,False,3.8,4,False,https://www.tesco.com/groceries/en-GB/products/313160291,https://digitalcontent.api.tesco.com/v2/media/ghs/2f9742cf-aab4-4b0b-9cf0-da9a04785fcb/23e6a799-d6e9-4e2a-a33a-91d5a8b0b268_1425809269.jpeg?h=225&w=225,Food Cupboard,Cereals
300886379,Kellogg's Special K Cereal 300G,£2.40,£0.80/100g,,,False,,False,,,False,https://www.tesco.com/groceries/en-GB/products/300886379,https://digitalcontent.api.tesco.com/v2/media/ghs/4e8c4a02-d5f6-4a0b-b5e6-2fc770e30551/0a9b6cac-815a-4aaa-b36a-e60975ed5e47_300670622.jpeg?h=225&w=225,Food Cupboard,Cereals
320678929,Kellogg's Coco Pops Chocos Caramel 430g,£3.50,£0.81/100g,£2.85 Clubcard Price,(£0.66/100g),True,Offer valid for delivery from 16/04/2025 until 13/05/2025,False,4.4,44,False,https://www.tesco.com/groceries/en-GB/products/320678929,https://digitalcontent.api.tesco.com/v2/media/ghs/69fc1dfb-f6a6-4692-a7db-70b012928ed5/550f1581-b36f-477d-9eb7-d84cd6c7d173_152662690.jpeg?h=225&w=225,Food Cupboard,Cereals
318276215,Kellogg's Oaties Original Crunch 500g,£3.50,£0.70/100g,£2.50 Clubcard Price,(£0.50/100g),True,Offer valid for delivery from 16/04/2025 until 13/05/2025,False,4.6,42,False,https://www.tesco.com/groceries/en-GB/products/318276215,https://digitalcontent.api.tesco.com/v2/media/ghs/1ab0d96d-a8f3-4125-9fe7-f744cd4884af/456c3214-e547-4a82-83e7-23c822210dda_1796098871.jpeg?h=225&w=225,Food Cupboard,Cereals
301601635,Quaker Oat So Simple Original Porridge Sachets Big Pack 20x27g,£4.50,£0.83/100g,£3.50 Clubcard Price,(£0.65/100g),True,Offer valid for delivery from 16/04/2025 until 13/05/2025,False,4.1,15,False,https://www.tesco.com/groceries/en-GB/products/301601635,https://digitalcontent.api.tesco.com/v2/media/ghs/d4cf3234-b09e-4ad0-ab11-b05efa726f9e/c914c6ef-6513-46d4-adeb-535ba8a4b177_2092316811.jpeg?h=225&w=225,Food Cupboard,Cereals
313623297,Kellogg's Coco Pops Chocos Cereal 430G,,,£2.85 Clubcard Price,(£0.66/100g),True,Offer valid for delivery from 16/04/2025 until 13/05/2025,False,4.6,80,False,https://www.tesco.com/groceries/en-GB/products/313623297,https://digitalcontent.api.tesco.com/v2/media/ghs/adfafc1e-3c63-427c-9cc8-7a70301eb0aa/1f4109a6-d776-4820-9bde-8d8413358bea_51213626.jpeg?h=225&w=225,Food Cupboard,Cereals
317661158,Jordans Popped Oat Crunch Cereal - Hint Of Honey 425g,£3.60,£0.85/100g,£2.50 Clubcard Price,(£0.59/100g),True,Offer valid for delivery from 16/04/2025 until 13/05/2025,False,4.9,30,False,https://www.tesco.com/groceries/en-GB/products/317661158,https://digitalcontent.api.tesco.com/v2/media/ghs/92ba17c6-6f01-469c-ab2f-8c37dacd4c63/d0a2557d-7761-44b2-a991-6c699b1915d1_275712349.jpeg?h=225&w=225,Food Cupboard,Cereals
313620133,Kellogg's Coco Pops Cereal 650G,£4.25,£0.65/100g,£3.75 Clubcard Price,(£0.58/100g),True,Offer valid for delivery from 16/04/2025 until 13/05/2025,False,3.4,7,False,https://www.tesco.com/groceries/en-GB/products/313620133,https://digitalcontent.api.tesco.com/v2/media/ghs/05b2e916-e69a-4990-9475-04d394a0937f/5e672714-db61-4a3f-821f-5c662976a3fe_636544646.jpeg?h=225&w=225,Food Cupboard,Cereals
317638204,Jordans Popped Oat Crunch Cereal - Chocolate 425g,£3.60,£0.85/100g,£2.50 Clubcard Price,(£0.59/100g),True,Offer valid for delivery from 16/04/2025 until 13/05/2025,False,4.9,30,False,https://www.tesco.com/groceries/en-GB/products/317638204,https://digitalcontent.api.tesco.com/v2/media/ghs/318fceeb-2d01-4bb1-be5b-35fa31c2e01c/411cea98-323c-43f2-a674-81991b51b851_671658073.jpeg?h=225&w=225,Food Cupboard,Cereals
315154658,Ambrosia Ready to Eat Porridge Oat Cereal Pot Golden Syrup 210g,£1.35,£0.64/100g,Any 3 for £3 Clubcard Price - Selected Porridge Pots Bars Or Drinks,,True,Offer valid for delivery from 24/02/2025 until 28/02/2026,False,4.4,38,False,https://www.tesco.com/groceries/en-GB/products/315154658,https://digitalcontent.api.tesco.com/v2/media/ghs/ed310491-de4a-4901-9c9a-f24c7320f9b6/f40368cb-c8c6-448b-8904-87b0d251dc40_819983786.jpeg?h=225&w=225,Food Cupboard,Cereals
318173193,Kellogg's Oaties Choco Crunch 500g,£3.50,£0.70/100g,£2.50 Clubcard Price,(£0.50/100g),True,Offer valid for delivery from 16/04/2025 until 13/05/2025,False,4.7,45,False,https://www.tesco.com/groceries/en-GB/products/318173193,https://digitalcontent.api.tesco.com/v2/media/ghs/1452e581-51e3-4310-9d1e-dde88a4fcaec/83d3e65a-4c2e-4381-aaad-dc2e1184000a_434535069.jpeg?h=225&w=225,Food Cupboard,Cereals
313602267,Kellogg's Krave Milk Chocolate Cereal 750G,£4.25,£0.57/100g,,,False,,False,4.8,208,False,https://www.tesco.com/groceries/en-GB/products/313602267,https://digitalcontent.api.tesco.com/v2/media/ghs/14b660a4-f959-443c-ad06-47e5e88eaae5/83dcb5de-22fc-4f4e-9b6e-2cbc689bb99f_1146347070.jpeg?h=225&w=225,Food Cupboard,Cereals
313177260,Kellogg's Krave Chocolate Hazelnut Flavour Cereal 750G,£4.25,£0.57/100g,,,False,,False,4.7,185,False,https://www.tesco.com/groceries/en-GB/products/313177260,https://digitalcontent.api.tesco.com/v2/media/ghs/6b1c05db-bd04-4919-98b8-99e6faebbbe4/20a2ceac-33b0-4c17-b49e-ccab0c61f7df_326565644.jpeg?h=225&w=225,Food Cupboard,Cereals
317873881,MOMA Blueberry & Vanilla Porridge 7 Sachets 280g,£3.30,£1.18/100g,£2.00 Clubcard Price,(£0.71/100g),True,Offer valid for delivery from 16/04/2025 until 13/05/2025,False,,,False,https://www.tesco.com/groceries/en-GB/products/317873881,https://digitalcontent.api.tesco.com/v2/media/ghs/fe631836-1256-48e7-96ff-638c690b4cd8/8002a550-5274-4e02-9180-0385239c2fec_716198812.jpeg?h=225&w=225,Food Cupboard,Cereals
318176558,Nestle Lion Caramel & Chocolate Wholegrain Cereal 400g,£3.00,£0.75/100g,£2.45 Clubcard Price,(£0.61/100g),True,Offer valid for delivery from 16/04/2025 until 13/05/2025,False,4.6,18,False,https://www.tesco.com/groceries/en-GB/products/318176558,https://digitalcontent.api.tesco.com/v2/media/ghs/0c9badf2-e138-44d5-ac6c-ae4cb8259fec/1c816e34-d30b-42d0-b4b9-8b94d723fb46_1267770487.jpeg?h=225&w=225,Food Cupboard,Cereals
318173999,Nestle Cheerios Multigrain Wholegrain Cereal 500g,£3.50,£0.70/100g,,,False,,False,,,False,https://www.tesco.com/groceries/en-GB/products/318173999,https://digitalcontent.api.tesco.com/v2/media/ghs/24722e39-cad2-44bd-8472-e2f1dfd76864/022dfeac-9b85-4598-a97e-908f6ed3090e_292975854.jpeg?h=225&w=225,Food Cupboard,Cereals
325080454,Nestlé Nesquik Chocolate Minis Cereal 300g,£2.75,£9.17/kg,£2.00 Clubcard Price,(£6.67/kg),True,Offer valid for delivery from 16/04/2025 until 13/05/2025,False,4.6,39,False,https://www.tesco.com/groceries/en-GB/products/325080454,https://digitalcontent.api.tesco.com/v2/media/ghs/6be63bab-46d6-455d-a223-9081b74b52ce/2e08d892-dda0-4955-89a0-8bb11c19edc5_1665371494.jpeg?h=225&w=225,Food Cupboard,Cereals
315146979,Ambrosia Ready to Eat Porridge Oat Cereal Pot Raspberry Layer 210g,£1.35,£0.64/100g,Any 3 for £3 Clubcard Price - Selected Porridge Pots Bars Or Drinks,,True,Offer valid for delivery from 24/02/2025 until 28/02/2026,False,4.5,37,False,https://www.tesco.com/groceries/en-GB/products/315146979,https://digitalcontent.api.tesco.com/v2/media/ghs/03ba597e-c7ac-4299-b2f8-c71abb73b766/5015a409-d8a3-479f-893e-7dd154a9b224_1285706031.jpeg?h=225&w=225,Food Cupboard,Cereals
318176345,Bio&Me No Added Sugar Original Seed and Nut Porridge+ Pot 65g,£1.30,£2.00/100g,Any 3 for £3 Clubcard Price - Selected Porridge Pots Bars Or Drinks,,True,Offer valid for delivery from 24/02/2025 until 28/02/2026,False,4.9,14,False,https://www.tesco.com/groceries/en-GB/products/318176345,https://digitalcontent.api.tesco.com/v2/media/ghs/b4672fea-10c3-4ac8-8955-fdb1e394c07b/ca184251-e103-4022-aa44-54591475f825_988593015.jpeg?h=225&w=225,Food Cupboard,Cereals
316643357,Tesco Organic Multigrain Banana Porridge 120g,£1.90,£15.83/kg,,,False,,False,,,False,https://www.tesco.com/groceries/en-GB/products/316643357,https://digitalcontent.api.tesco.com/v2/media/ghs/ce16e420-06c3-4312-bdde-2155441695ba/cc191ea8-6061-4c90-854b-d1a54bbd7bb9_1153375935.jpeg?h=225&w=225,Food Cupboard,Cereals
317200359,Tesco Organic Multigrain Fruity Porridge 200g,£2.25,£11.25/kg,,,False,,False,,2,False,https://www.tesco.com/groceries/en-GB/products/317200359,https://digitalcontent.api.tesco.com/v2/media/ghs/d637f50f-882a-4ec2-a8e8-a0b9019beab1/9ad1a4ef-7c00-486d-b6af-72b3dbb2ce66_1083267219.jpeg?h=225&w=225,Food Cupboard,Cereals
317755301,MOMA Cranberry & Raisin Porridge 6 Sachets 240g,£3.30,£1.38/100g,,,False,,False,,1,False,https://www.tesco.com/groceries/en-GB/products/317755301,https://digitalcontent.api.tesco.com/v2/media/ghs/754122e8-a0c9-4176-a958-2a5f74560432/13362f1d-7a07-4d30-80cc-3fcd070848ea_643165922.jpeg?h=225&w=225,Food Cupboard,Cereals
317983301,MOMA Almond Butter & Salted Caramel Porridge 6 Sachets 240g,£3.30,£1.38/100g,,,False,,False,3.2,4,False,https://www.tesco.com/groceries/en-GB/products/317983301,https://digitalcontent.api.tesco.com/v2/media/ghs/21f12c25-f7ac-48f9-82f4-b559c6188490/d2899014-dcfb-44cf-aaff-4e53ab6dd335_654048528.jpeg?h=225&w=225,Food Cupboard,Cereals
320970767,Jordans Country Crisp Strawberries Cereal 450g,£3.60,£0.80/100g,,,False,,False,4.9,29,False,https://www.tesco.com/groceries/en-GB/products/320970767,https://digitalcontent.api.tesco.com/v2/media/ghs/0523455e-bd5f-4b3e-bf10-547c34d0bb09/b102d9f8-2cd2-428c-a440-d385f182aaf6_1923526059.jpeg?h=225&w=225,Food Cupboard,Cereals
318258531,Tesco High Protein Chocolate Porridge Pot 70g,£0.90,£1.29/100g,,,False,,False,,,False,https://www.tesco.com/groceries/en-GB/products/318258531,https://digitalcontent.api.tesco.com/v2/media/ghs/2afffeff-def8-44b6-84ca-e974be4ad9f3/55973ac2-7436-44e1-9b30-b110c1821c55_1125072569.jpeg?h=225&w=225,Food Cupboard,Cereals
320973211,Jordans Country Crisp Dark Chocolate Cereal 450g,£3.60,£0.80/100g,,,False,,False,4.8,30,False,https://www.tesco.com/groceries/en-GB/products/320973211,https://digitalcontent.api.tesco.com/v2/media/ghs/3b564d84-1ae9-4268-be89-7ae0f2454e9d/366c187b-1b46-447c-843a-629afa6d354c_1882564718.jpeg?h=225&w=225,Food Cupboard,Cereals
320991713,Jordans Country Crisp Flame Raisins Cereal 450g,£3.60,£0.80/100g,,,False,,False,4.9,30,False,https://www.tesco.com/groceries/en-GB/products/320991713,https://digitalcontent.api.tesco.com/v2/media/ghs/d7f29554-293b-4355-9fc5-1e49629bfe04/bc3b7a06-dc39-41cf-b265-3bc7552cb667_1261318683.jpeg?h=225&w=225,Food Cupboard,Cereals
320685903,Jordans Country Crisp Honey & Nut Cereal 450g,£3.60,£0.80/100g,,,False,,False,4.8,30,False,https://www.tesco.com/groceries/en-GB/products/320685903,https://digitalcontent.api.tesco.com/v2/media/ghs/995d92e7-edf1-40ba-89d8-019f390d4f08/981e5095-4f0d-4791-933f-80467b7cf59c_183876179.jpeg?h=225&w=225,Food Cupboard,Cereals
317209436,Quaker Protein Porridge Pot - Peanut Butter Flavour 58g,£1.30,£2.24/100g,Any 3 for £3 Clubcard Price - Selected Porridge Pots Bars Or Drinks,,True,Offer valid for delivery from 24/02/2025 until 28/02/2026,False,1.8,5,False,https://www.tesco.com/groceries/en-GB/products/317209436,https://digitalcontent.api.tesco.com/v2/media/ghs/caed2af5-2905-4a86-9852-edabf2284fe1/1642501f-16d5-42ab-afe3-414bf9d2a794_440763243.jpeg?h=225&w=225,Food Cupboard,Cereals
317208656,Quaker Protein Porridge Pot - Strawberries & Cream Flavour 59g,£1.30,£2.20/100g,Any 3 for £3 Clubcard Price - Selected Porridge Pots Bars Or Drinks,,True,Offer valid for delivery from 24/02/2025 until 28/02/2026,False,,,False,https://www.tesco.com/groceries/en-GB/products/317208656,https://digitalcontent.api.tesco.com/v2/media/ghs/1a1eb502-89ba-42af-8731-73c656f9fa7e/aca7f339-6cc9-4f5a-928e-7c55fe29d48b_1371466106.jpeg?h=225&w=225,Food Cupboard,Cereals
317190191,Quaker Hazelnut Chocolate Porridge Pot 58g,£1.30,£2.24/100g,Any 3 for £3 Clubcard Price - Selected Porridge Pots Bars Or Drinks,,True,Offer valid for delivery from 24/02/2025 until 28/02/2026,False,,,False,https://www.tesco.com/groceries/en-GB/products/317190191,https://digitalcontent.api.tesco.com/v2/media/ghs/e1defc6d-1895-4496-a0e3-d4462cc901cf/8468b6d5-1550-4f44-8015-160df168a4ce_1603446194.jpeg?h=225&w=225,Food Cupboard,Cereals
318071958,Bio&Me No Added Sugar Porridge+ Pot - Apple & Cinnamon 65g,£1.30,£2.00/100g,Any 3 for £3 Clubcard Price - Selected Porridge Pots Bars Or Drinks,,True,Offer valid for delivery from 24/02/2025 until 28/02/2026,False,4.3,20,False,https://www.tesco.com/groceries/en-GB/products/318071958,https://digitalcontent.api.tesco.com/v2/media/ghs/62aae631-0255-4a83-9593-f66d9a7e4620/49bf89fa-06d3-436a-9038-2ef263033021_38814203.jpeg?h=225&w=225,Food Cupboard,Cereals
317986148,Bio&Me No Added Sugar Porridge+ Pot - Golden Syrup 65g,£1.30,£2.00/100g,Any 3 for £3 Clubcard Price - Selected Porridge Pots Bars Or Drinks,,True,Offer valid for delivery from 24/02/2025 until 28/02/2026,False,4.9,16,False,https://www.tesco.com/groceries/en-GB/products/317986148,https://digitalcontent.api.tesco.com/v2/media/ghs/43055a0f-f64c-47e6-8dd0-d9a262efa922/b8dcf646-9a4d-4051-8eae-26daaaef2ebe_1568873194.jpeg?h=225&w=225,Food Cupboard,Cereals
317966322,MOMA Apple Cinnamon & Brown Sugar Porridge Pot 65g,£1.30,£2.00/100g,Any 3 for £3 Clubcard Price - Selected Porridge Pots Bars Or Drinks,,True,Offer valid for delivery from 24/02/2025 until 28/02/2026,False,,,False,https://www.tesco.com/groceries/en-GB/products/317966322,https://digitalcontent.api.tesco.com/v2/media/ghs/ce81148c-91be-4e08-bca4-9ea8594e8b7a/4396bc8f-ecbf-4b3f-a29b-f9f553928d4b_1090231162.jpeg?h=225&w=225,Food Cupboard,Cereals
318088227,MOMA Blueberry & Vanilla Porridge Pot 65g,£1.30,£2.00/100g,Any 3 for £3 Clubcard Price - Selected Porridge Pots Bars Or Drinks,,True,Offer valid for delivery from 24/02/2025 until 28/02/2026,False,,,False,https://www.tesco.com/groceries/en-GB/products/318088227,https://digitalcontent.api.tesco.com/v2/media/ghs/479f840a-7158-448b-a507-e9627862cd03/6f45c936-26bf-4a57-b9e7-c415a5a5bc87_313392485.jpeg?h=225&w=225,Food Cupboard,Cereals
312851687,Tesco Easy Oats Golden Syrup Flavour 8X36g,£1.35,£0.47/100g,,,False,,False,2.4,9,False,https://www.tesco.com/groceries/en-GB/products/312851687,https://digitalcontent.api.tesco.com/v2/media/ghs/18b2e1b9-47a0-4f69-bf43-9188aed80b8d/5f10aa92-5e8a-4869-b8b5-b6dff8eb842f_177867609.jpeg?h=225&w=225,Food Cupboard,Cereals
312997157,Tesco Easy Oats Apple & Blueberry 8X36g,£1.35,£0.47/100g,,,False,,False,3.5,8,False,https://www.tesco.com/groceries/en-GB/products/312997157,https://digitalcontent.api.tesco.com/v2/media/ghs/c41984c3-1f7a-4323-a0ad-56a1b023b79e/bec03238-873c-4274-ae8e-83d8139e239c_65108366.jpeg?h=225&w=225,Food Cupboard,Cereals
317190605,Quaker Oat So Simple Porridge Sachets - Hazelnut Chocolate 10x36g,£3.50,£0.96/100g,Any 2 for £4.50 Clubcard Price - Selected Quaker Oat So Simple Porridge,,True,Offer valid for delivery from 23/02/2025 until 21/02/2026,False,4.7,3,False,https://www.tesco.com/groceries/en-GB/products/317190605,https://digitalcontent.api.tesco.com/v2/media/ghs/02063641-21a7-4fd6-88f5-fd7aca404b05/ec7bfd3f-3b77-4bd2-a323-8f8e886ef731_1037414403.jpeg?h=225&w=225,Food Cupboard,Cereals
316931060,Quaker Protein Porridge Sachets - Strawberries & Cream 8x42g,£3.50,£1.04/100g,Any 2 for £4.50 Clubcard Price - Selected Quaker Oat So Simple Porridge,,True,Offer valid for delivery from 23/02/2025 until 21/02/2026,False,,,False,https://www.tesco.com/groceries/en-GB/products/316931060,https://digitalcontent.api.tesco.com/v2/media/ghs/ec613aef-ea49-46fd-9e98-23a5e95cec6e/abf34095-0865-4d4e-88e4-db970d157493_1491473191.jpeg?h=225&w=225,Food Cupboard,Cereals
317042010,Quaker High Protein Peanut Butter Porridge Sachets Oat So Simple 8x43g,£3.50,£1.02/100g,Any 2 for £4.50 Clubcard Price - Selected Quaker Oat So Simple Porridge,,True,Offer valid for delivery from 23/02/2025 until 21/02/2026,False,1.8,6,False,https://www.tesco.com/groceries/en-GB/products/317042010,https://digitalcontent.api.tesco.com/v2/media/ghs/83109897-c480-4acd-ab15-9a7fcd4cefdb/32710b1a-eda1-45c3-a2da-834c6005033c_2092405433.jpeg?h=225&w=225,Food Cupboard,Cereals
313175187,Tesco Honey Nut Corn Flakes 500G,£1.10,£0.22/100g,,,False,,False,3.6,17,False,https://www.tesco.com/groceries/en-GB/products/313175187,https://digitalcontent.api.tesco.com/v2/media/ghs/9c3aa145-6ea4-49db-a873-99104a5505cc/76f90e6e-e0d5-43b1-a1bf-a235e3aef678_1709179701.jpeg?h=225&w=225,Food Cupboard,Cereals
313512434,Up & Go Breakfast Shake - Chocolate 300ml,£1.25,£0.42/100ml,Any 3 for £3 Clubcard Price - Selected Porridge Pots Bars Or Drinks,,True,Offer valid for delivery from 24/02/2025 until 28/02/2026,False,4.6,34,False,https://www.tesco.com/groceries/en-GB/products/313512434,https://digitalcontent.api.tesco.com/v2/media/ghs/a112943f-312d-43b8-b56d-57657adb9a1d/b9f7c89a-fcae-4121-9be5-6502b78988db_1186034664.jpeg?h=225&w=225,Food Cupboard,Cereals
315957273,Kellogg's Pop Tarts S'mores Choco and Marshmallow Flavour 8x48g,£3.00,£0.78/100g,,,False,,False,4.1,43,False,https://www.tesco.com/groceries/en-GB/products/315957273,https://digitalcontent.api.tesco.com/v2/media/ghs/57d2ff6e-680d-4761-a055-556c989dab38/21c71c78-345b-42fb-958d-c0e97a543a27_993006970.jpeg?h=225&w=225,Food Cupboard,Cereals
313602846,Up & Go Breakfast Shake - Banana & Honey 300ml,£1.25,£0.42/100ml,Any 3 for £3 Clubcard Price - Selected Porridge Pots Bars Or Drinks,,True,Offer valid for delivery from 24/02/2025 until 28/02/2026,False,4.7,30,False,https://www.tesco.com/groceries/en-GB/products/313602846,https://digitalcontent.api.tesco.com/v2/media/ghs/f9844eb5-8de0-456b-9489-8a72edeb8850/6761e411-291a-4fd9-9b01-67a789fa86e8_1071672932.jpeg?h=225&w=225,Food Cupboard,Cereals
317309289,Kellogg's Mega Variety Pack Cereals 16 Pack 2 x 196g,£3.75,£0.96/100g,,,False,,False,,,False,https://www.tesco.com/groceries/en-GB/products/317309289,https://digitalcontent.api.tesco.com/v2/media/ghs/b60174f6-e192-4fcc-8fbf-f4c29c7665be/8829a2c6-b7fa-45a9-adde-3cda50275d1f_667246812.jpeg?h=225&w=225,Food Cupboard,Cereals
315840897,Kellogg's Variety Cereal 8 Pack 196g,£3.00,£1.53/100g,£1.70 Clubcard Price,(£0.87/100g),True,Offer valid for delivery from 29/03/2025 until 21/04/2025,False,3.4,7,False,https://www.tesco.com/groceries/en-GB/products/315840897,https://digitalcontent.api.tesco.com/v2/media/ghs/6850e8a3-95af-49d1-84e5-1111a01e8ad2/0e6ca082-5c07-49e3-81b4-0772d6bdedba_389794058.jpeg?h=225&w=225,Food Cupboard,Cereals
317289772,Tesco Choco Snaps Milk Chocolatey Cereal 500g,£1.20,£0.24/100g,,,False,,False,,3,False,https://www.tesco.com/groceries/en-GB/products/317289772,https://digitalcontent.api.tesco.com/v2/media/ghs/49804975-1729-47e8-a694-c24eb27bf177/4fb79b70-cdaa-4976-8dc9-cd3f5aa2718b_1027626468.jpeg?h=225&w=225,Food Cupboard,Cereals
320571905,Weetabix Crispy Minis Caramelised Biscuit Cereal 500g,£3.50,£0.70/100g,£2.50 Clubcard Price,(£0.50/100g),True,Offer valid for delivery from 16/04/2025 until 13/05/2025,False,,,False,https://www.tesco.com/groceries/en-GB/products/320571905,https://digitalcontent.api.tesco.com/v2/media/ghs/40f90f9b-ad2e-4429-8b22-6e9b4acc0d96/34982c2a-4862-4882-9c86-cfd4d8f0d5f9_1228506207.jpeg?h=225&w=225,Food Cupboard,Cereals
256584906,Kinder Mini Treats 16 Pack 200G,£3.00,£1.50/100g,,,False,,False,4.8,62,True,https://www.tesco.com/groceries/en-GB/products/256584906,https://digitalcontent.api.tesco.com/v2/media/ghs/693f624b-8c2e-460f-927d-fbcdc9907e25/33dd46e9-d3d4-4b11-8bfa-80df31e850c1.jpeg?h=225&w=225,Food Cupboard,"Chocolate, Sweets, Mints & Chewing Gum"
314095314,Mars Chocolate Bars Multipack 4 X 39.4g 157.6G,£1.79,£1.14/100g,,,False,,False,3.7,3,True,https://www.tesco.com/groceries/en-GB/products/314095314,https://digitalcontent.api.tesco.com/v2/media/ghs/b7abac83-b898-40a6-a286-b7944ce8bc5d/a66bf1aa-76bd-4c5b-a5c0-8ccf28c783da_580061897.jpeg?h=225&w=225,Food Cupboard,"Chocolate, Sweets, Mints & Chewing Gum"
254897038,Ferrero Rocher Boxed Chocolates 24 Pieces 300g,£10.50,£3.50/100g,,,False,,False,4.4,26,False,https://www.tesco.com/groceries/en-GB/products/254897038,https://digitalcontent.api.tesco.com/v2/media/ghs/2767ae5f-f1b1-4636-aa41-30ac6d0bd1a8/7b0e206f-8c5a-4c37-a237-eff7c341ee69_873902262.jpeg?h=225&w=225,Food Cupboard,"Chocolate, Sweets, Mints & Chewing Gum"
255359133,Lindt Lindor Assorted Chocolate Truffles 200G,£7.50,£3.75/100g,,,False,,False,4.8,164,False,https://www.tesco.com/groceries/en-GB/products/255359133,https://digitalcontent.api.tesco.com/v2/media/ghs/a4dd8591-67a4-4086-bd55-2bae9436e7bd/ecc3828c-38be-4909-ace0-f8d93e20983a_268739649.jpeg?h=225&w=225,Food Cupboard,"Chocolate, Sweets, Mints & Chewing Gum"
254896546,Ferrero Rocher Chocolate Pralines Gift Box 16 Pieces 200g,£7.00,£3.50/100g,,,False,,False,3.6,8,False,https://www.tesco.com/groceries/en-GB/products/254896546,https://digitalcontent.api.tesco.com/v2/media/ghs/8331e6f1-9233-4d1d-aab0-2624ce3415a0/fdaa4fe4-b420-4fcc-9051-e085bf65da7c_485318620.jpeg?h=225&w=225,Food Cupboard,"Chocolate, Sweets, Mints & Chewing Gum"
250265770,Lindt Lindor Milk Chocolate Truffles Box 200g,£7.50,£3.75/100g,,,False,,False,4.8,155,False,https://www.tesco.com/groceries/en-GB/products/250265770,https://digitalcontent.api.tesco.com/v2/media/ghs/534b1509-4b38-4218-a548-c08c36227047/f45dd61b-b514-4175-9967-47ab90966210_1570830420.jpeg?h=225&w=225,Food Cupboard,"Chocolate, Sweets, Mints & Chewing Gum"
309181283,Celebrations Milk Chocolate Box Chocolate Bars Gift 385g,£7.00,£1.82/100g,£5.25 Save 25% Clubcard Price,(£1.36/100g),True,Offer valid for delivery from 12/03/2025 until 22/04/2025,False,1.5,39,False,https://www.tesco.com/groceries/en-GB/products/309181283,https://digitalcontent.api.tesco.com/v2/media/ghs/d165e094-da61-42a1-8b81-64538c417310/4e3b7bec-bb22-4d31-a6e0-0fd0dfa8cb8b_966470382.jpeg?h=225&w=225,Food Cupboard,"Chocolate, Sweets, Mints & Chewing Gum"
275027686,Cadbury Dairy Milk Chocolate Bar Large 360G,£5.00,£1.39/100g,£4.25 Clubcard Price,(£1.18/100g),True,Offer valid for delivery from 18/03/2025 until 15/06/2025,False,4.5,60,False,https://www.tesco.com/groceries/en-GB/products/275027686,https://digitalcontent.api.tesco.com/v2/media/ghs/2000e219-ad8d-4234-b597-fd3e2392e147/3cf21cae-8eb7-4220-82f2-598ef9697707_1398963760.jpeg?h=225&w=225,Food Cupboard,"Chocolate, Sweets, Mints & Chewing Gum"
302275689,Maltesers Milk Chocolate Gift Box of Chocolates 310g,£6.00,£1.94/100g,£4.50 Save 25% Clubcard Price,(£1.45/100g),True,Offer valid for delivery from 06/03/2025 until 22/04/2025,False,4.5,105,False,https://www.tesco.com/groceries/en-GB/products/302275689,https://digitalcontent.api.tesco.com/v2/media/ghs/e4a9b37d-d5b5-47cd-805b-2fe85e318af0/161f8d12-294a-4ece-bc9d-7c38db22e19c_1225823014.jpeg?h=225&w=225,Food Cupboard,"Chocolate, Sweets, Mints & Chewing Gum"
259301725,Lindt Excellence Dark Chocolate Bar - 70% Cocoa 100g,£3.00,£3.00/100g,£2.50 Clubcard Price,(£2.50/100g),True,Offer valid for delivery from 26/03/2025 until 22/04/2025,False,4.3,58,False,https://www.tesco.com/groceries/en-GB/products/259301725,https://digitalcontent.api.tesco.com/v2/media/ghs/d46fb80a-a2c0-427d-8e61-d137a4217292/958a1280-766e-4ebe-a4cc-0f3b939d7d2e_1025453682.jpeg?h=225&w=225,Food Cupboard,"Chocolate, Sweets, Mints & Chewing Gum"
252204546,After Eight Dark Mint Chocolate Box 300g,£3.50,£1.17/100g,£3.00 Clubcard Price,(£1.00/100g),True,Offer valid for delivery from 23/01/2025 until 20/04/2025,False,4.8,330,False,https://www.tesco.com/groceries/en-GB/products/252204546,https://digitalcontent.api.tesco.com/v2/media/ghs/0690df9d-12e1-4777-bcf4-be7a59658726/e2b8834d-5497-4a51-8d43-b44cbd4b7bdb_940518378.jpeg?h=225&w=225,Food Cupboard,"Chocolate, Sweets, Mints & Chewing Gum"
311272207,Cadbury Dairy Milk Chocolate Bar 180g,£2.65,£1.47/100g,,,False,,False,4.7,80,False,https://www.tesco.com/groceries/en-GB/products/311272207,https://digitalcontent.api.tesco.com/v2/media/ghs/63f00684-1dff-4518-9bf4-3ab4ffacff2a/15575bcf-d350-4756-99a1-bb891f862a4f_1986628541.jpeg?h=225&w=225,Food Cupboard,"Chocolate, Sweets, Mints & Chewing Gum"
292215265,Cadbury Dairy Milk Caramel Chocolate Bar 4 Pack Multipack 148g,£2.00,£1.35/100g,,,False,,False,4.7,49,False,https://www.tesco.com/groceries/en-GB/products/292215265,https://digitalcontent.api.tesco.com/v2/media/ghs/b9486a2a-27f4-4d7a-944a-85de4cd2e6bf/ef8d2821-428b-4006-b1ea-51a506338c97_1060039835.jpeg?h=225&w=225,Food Cupboard,"Chocolate, Sweets, Mints & Chewing Gum"
285383766,Cadbury Dairy Milk Buttons Chocolate Bag 119g,,,,,False,,False,4.7,45,False,https://www.tesco.com/groceries/en-GB/products/285383766,https://digitalcontent.api.tesco.com/v2/media/ghs/98ac6961-7eae-4ba8-a26b-dfcce5e0ae0e/904c22cb-65b4-4dd1-9e89-635d3dd8e4e6_1717043727.jpeg?h=225&w=225,Food Cupboard,"Chocolate, Sweets, Mints & Chewing Gum"
303823260,Cadbury Roses Chocolate Box 290g,£4.50,£1.55/100g,£3.50 Clubcard Price,(£1.21/100g),True,Offer valid for delivery from 22/01/2025 until 20/04/2025,False,4.5,59,False,https://www.tesco.com/groceries/en-GB/products/303823260,https://digitalcontent.api.tesco.com/v2/media/ghs/d47d01a2-d407-4186-a85d-ad9a1ef3b293/e59d5de4-9b9f-4bf4-9154-2f8aadfe5b93_1164273205.jpeg?h=225&w=225,Food Cupboard,"Chocolate, Sweets, Mints & Chewing Gum"
266712643,Cadbury Flake Chocolate Bar 4 Pack Multipack 102g,£2.00,£1.96/100g,,,False,,False,4.8,57,False,https://www.tesco.com/groceries/en-GB/products/266712643,https://digitalcontent.api.tesco.com/v2/media/ghs/29d372bc-d96a-432d-8706-3651992db41a/c67dadb6-c0cd-4f2e-b5e1-00ae0dfc1983_820216082.jpeg?h=225&w=225,Food Cupboard,"Chocolate, Sweets, Mints & Chewing Gum"
308467039,Cadbury Boost Chocolate Bar 4 Pack Multipack 148g,£2.00,£1.35/100g,,,False,,False,4.5,70,False,https://www.tesco.com/groceries/en-GB/products/308467039,https://digitalcontent.api.tesco.com/v2/media/ghs/d87f4509-eed0-4095-b42a-22a487cdd023/01a05c2b-56af-46ac-b97c-15efc28a488d_1522142049.jpeg?h=225&w=225,Food Cupboard,"Chocolate, Sweets, Mints & Chewing Gum"
282223253,Pimlico Halal Fizzy Fruit Punch 450G,£2.50,£0.56/100g,,,False,,False,,,False,https://www.tesco.com/groceries/en-GB/products/282223253,https://digitalcontent.api.tesco.com/v2/media/ghs/7e280fa6-c62b-4ceb-963d-f144b02ac107/92906dc4-fd9e-40e6-aeb2-cf5cef461f93_387565544.jpeg?h=225&w=225,Food Cupboard,"Chocolate, Sweets, Mints & Chewing Gum"
282223299,Pimlico Halal Fizzy Bears 450G,£2.50,£0.56/100g,,,False,,False,,,False,https://www.tesco.com/groceries/en-GB/products/282223299,https://digitalcontent.api.tesco.com/v2/media/ghs/9e697318-e4ef-45e4-8d8e-22ad138797e0/427b3d68-e51e-4f8e-9418-0a7ec26a33f8_1946386259.jpeg?h=225&w=225,Food Cupboard,"Chocolate, Sweets, Mints & Chewing Gum"
308846294,Smarties Milk Chocolate Tube Multipack 34g 4 Pack,£1.55,£1.14/100g,,,False,,False,4.1,12,False,https://www.tesco.com/groceries/en-GB/products/308846294,https://digitalcontent.api.tesco.com/v2/media/ghs/2652341b-3503-4969-b8e9-5f14c830547b/bd2df003-eefc-4ff7-9c9f-b18177bb78c7_1423063080.jpeg?h=225&w=225,Food Cupboard,"Chocolate, Sweets, Mints & Chewing Gum"
268379158,Tesco Mint Humbugs 200G,£1.35,£0.68/100g,,,False,,False,4.6,96,False,https://www.tesco.com/groceries/en-GB/products/268379158,https://digitalcontent.api.tesco.com/v2/media/ghs/48ffc4fd-7c63-46af-a9da-4a22d6a61df2/bff201ea-5257-4978-8763-045eba0025ce_1819838191.jpeg?h=225&w=225,Food Cupboard,"Chocolate, Sweets, Mints & Chewing Gum"
268592982,Aero Bubbly Peppermint Mint Chocolate Bar Multipack 27g 4 Pack,£1.65,£1.53/100g,,,False,,False,4.7,51,False,https://www.tesco.com/groceries/en-GB/products/268592982,https://digitalcontent.api.tesco.com/v2/media/ghs/ff9730d3-bf2e-4506-b9c1-849c05e6ec37/3e29199a-1dc7-4921-b364-33d84b7d2969_1759029716.jpeg?h=225&w=225,Food Cupboard,"Chocolate, Sweets, Mints & Chewing Gum"
284117451,Cadbury Dairy Milk Chocolate Bar 110g,,,,,False,,False,3.7,15,False,https://www.tesco.com/groceries/en-GB/products/284117451,https://digitalcontent.api.tesco.com/v2/media/ghs/572b97c0-7533-4a34-949f-0e45f7a60940/ebc03b78-aeaf-47c6-98d6-bb5a2d173c11_1737329782.jpeg?h=225&w=225,Food Cupboard,"Chocolate, Sweets, Mints & Chewing Gum"
254026955,Tesco Marshmallows 200G,£1.35,£0.68/100g,,,False,,False,3.8,60,False,https://www.tesco.com/groceries/en-GB/products/254026955,https://digitalcontent.api.tesco.com/v2/media/ghs/fa5f4868-2f2a-49ef-9120-cdcc95a10e49/022604c1-ade1-4f8a-8cf2-624bf8aa008a_1239265781.jpeg?h=225&w=225,Food Cupboard,"Chocolate, Sweets, Mints & Chewing Gum"
304390383,Kit Kat Chunky Milk Chocolate Bars Multipack 40g 4 Pack,£1.50,£0.94/100g,,,False,,False,4.7,96,False,https://www.tesco.com/groceries/en-GB/products/304390383,https://digitalcontent.api.tesco.com/v2/media/ghs/8e50fbbb-8b80-4690-8c62-58596f81f4f6/1df4fe4a-9f27-4c87-8121-4152142d8d74_1637515373.jpeg?h=225&w=225,Food Cupboard,"Chocolate, Sweets, Mints & Chewing Gum"
308487211,Haribo Tangfastics 175G,£1.25,£0.71/100g,,,False,,False,4.8,8,False,https://www.tesco.com/groceries/en-GB/products/308487211,https://digitalcontent.api.tesco.com/v2/media/ghs/b4df73f8-5055-4330-9ae8-c1d6c49d2546/a09cc260-6f1d-464e-85d8-2ffdb803b00d_1031889638.jpeg?h=225&w=225,Food Cupboard,"Chocolate, Sweets, Mints & Chewing Gum"
308482395,Haribo Starmix 175G,£1.25,£0.71/100g,,,False,,False,4.5,8,False,https://www.tesco.com/groceries/en-GB/products/308482395,https://digitalcontent.api.tesco.com/v2/media/ghs/427bad75-8c3e-4296-908c-11bf29a20888/7b675127-1295-4139-9d3f-3989a2d3b362_2020008133.jpeg?h=225&w=225,Food Cupboard,"Chocolate, Sweets, Mints & Chewing Gum"
290337849,Cadbury Dairy Milk Little Bars Chocolate Bars 6 Pack 108g,£1.40,£1.30/100g,,,False,,False,4.6,13,False,https://www.tesco.com/groceries/en-GB/products/290337849,https://digitalcontent.api.tesco.com/v2/media/ghs/a54414c5-78e9-4828-8f5d-c554a95e5951/2e626c37-d043-4980-a9f0-056aead10244_1587008977.jpeg?h=225&w=225,Food Cupboard,"Chocolate, Sweets, Mints & Chewing Gum"
257133783,Tesco Strawberry Laces 75G,£0.75,£1.00/100g,,,False,,False,4.2,18,False,https://www.tesco.com/groceries/en-GB/products/257133783,https://digitalcontent.api.tesco.com/v2/media/ghs/1495a40f-61e7-4f3a-a763-c0eb2e38adb8/59232f19-ccf2-47c0-afdd-5e5e231d8d1c_522384630.jpeg?h=225&w=225,Food Cupboard,"Chocolate, Sweets, Mints & Chewing Gum"
302225952,Maoam Stripes Bag 140g,£1.09,£0.78/100g,,,False,,False,4.1,9,False,https://www.tesco.com/groceries/en-GB/products/302225952,https://digitalcontent.api.tesco.com/v2/media/ghs/49193569-1874-4821-96e2-1e6e07e9b1f9/d4f583fa-502e-4c66-9862-e7bba7a2670e_89184731.jpeg?h=225&w=225,Food Cupboard,"Chocolate, Sweets, Mints & Chewing Gum"
301736838,Quality Street Matchmakers Cool Mint Chocolate Box 120g,£2.00,£1.67/100g,,,False,,False,2.7,18,False,https://www.tesco.com/groceries/en-GB/products/301736838,https://digitalcontent.api.tesco.com/v2/media/ghs/6a7435cf-9326-4d55-abf2-1747460d7731/6e77dd03-e8d5-4412-9450-056796c9e7a1_2003781503.jpeg?h=225&w=225,Food Cupboard,"Chocolate, Sweets, Mints & Chewing Gum"
301736850,Quality Street Matchmakers Zingy Orange Chocolate Box 120g,£2.00,£1.67/100g,,,False,,False,4.5,6,False,https://www.tesco.com/groceries/en-GB/products/301736850,https://digitalcontent.api.tesco.com/v2/media/ghs/d73dc3a9-4c40-4155-a85a-8dd2e6c22600/4f34e0b7-71c0-4a39-8718-dda0277115be_1096334620.jpeg?h=225&w=225,Food Cupboard,"Chocolate, Sweets, Mints & Chewing Gum"
306503489,Maltesers Milk Chocolate Gift Box Chocolates 110g,£3.00,£2.73/100g,£1.50 Half Price Clubcard Price,(£1.36/100g),True,Offer valid for delivery from 06/03/2025 until 22/04/2025,False,4.7,104,False,https://www.tesco.com/groceries/en-GB/products/306503489,https://digitalcontent.api.tesco.com/v2/media/ghs/44fef7ae-5963-4d1e-85b0-c5939b5bbb81/9a767a0a-0e28-4784-8937-17877b4609d1_1210178764.jpeg?h=225&w=225,Food Cupboard,"Chocolate, Sweets, Mints & Chewing Gum"
287853222,Fry's Turkish Delight Chocolate Bar 3 Pack Multipack 153g,£1.50,£0.98/100g,£1.00 Save 1/3 Clubcard Price,(£0.65/100g),True,Offer valid for delivery from 31/03/2025 until 21/04/2025,False,4.7,15,False,https://www.tesco.com/groceries/en-GB/products/287853222,https://digitalcontent.api.tesco.com/v2/media/ghs/59ac3e88-fcc9-4885-b267-8e7a0599a7f0/10bd1aca-b3a4-4728-bd94-0eb6695c992f.jpeg?h=225&w=225,Food Cupboard,"Chocolate, Sweets, Mints & Chewing Gum"
259547405,Swizzels Giant Love Hearts 39G (C),£0.30,£0.77/100g,,,False,,False,3.9,10,False,https://www.tesco.com/groceries/en-GB/products/259547405,https://digitalcontent.api.tesco.com/v2/media/ghs/e953e709-88aa-46bc-a279-512cd98130db/17ea4cff-611b-446f-a670-18eaf5690d2d_1625743214.jpeg?h=225&w=225,Food Cupboard,"Chocolate, Sweets, Mints & Chewing Gum"
276173429,Daim Milk Chocolate Bar 3 Pack Multipack,£1.50,£1.79/100g,£1.00 Save 1/3 Clubcard Price,(£1.19/100g),True,Offer valid for delivery from 31/03/2025 until 21/04/2025,False,,1,False,https://www.tesco.com/groceries/en-GB/products/276173429,https://digitalcontent.api.tesco.com/v2/media/ghs/b217c69f-edb0-4421-a925-ae1e7ffdb1e2/d739b136-9bd9-455c-a312-2df293b77d1b.jpeg?h=225&w=225,Food Cupboard,"Chocolate, Sweets, Mints & Chewing Gum"
300794925,Tesco Milk Chocolate Bar 200G,£2.30,£1.15/100g,,,False,,False,3.8,76,False,https://www.tesco.com/groceries/en-GB/products/300794925,https://digitalcontent.api.tesco.com/v2/media/ghs/599c7fc3-7c97-4988-83c7-93dfa8b145a9/5ab76e17-57bd-4e6e-8b45-761b36be88e6_848106454.jpeg?h=225&w=225,Food Cupboard,"Chocolate, Sweets, Mints & Chewing Gum"
300794948,Tesco Dark Chocolate Bar 200G,£2.30,£1.15/100g,,,False,,False,3.6,57,False,https://www.tesco.com/groceries/en-GB/products/300794948,https://digitalcontent.api.tesco.com/v2/media/ghs/916c043b-07e2-42be-8e48-07e0e88e7391/6c125c4c-0262-44a1-865a-b08f91874559_1634893897.jpeg?h=225&w=225,Food Cupboard,"Chocolate, Sweets, Mints & Chewing Gum"
280036005,Galaxy Smooth Milk Chocolate Bars Multipack 4 x 42g,£1.80,£1.07/100g,,,False,,False,4.9,7,False,https://www.tesco.com/groceries/en-GB/products/280036005,https://digitalcontent.api.tesco.com/v2/media/ghs/0c27e994-aade-418c-bafe-4e044120cf96/aa91eb4e-c5af-4268-8434-c8a91aa93960_1243019259.jpeg?h=225&w=225,Food Cupboard,"Chocolate, Sweets, Mints & Chewing Gum"
300876915,Tesco Dreamy Caramel Chocolate Bars Multipack 6 X 40g,£1.50,£0.62/100g,,,False,,False,4.6,97,False,https://www.tesco.com/groceries/en-GB/products/300876915,https://digitalcontent.api.tesco.com/v2/media/ghs/0a3ece25-c4a1-4bc4-a04f-77670bb4ff71/45719f70-6127-4a87-b7d5-27201ac47a49_691214601.jpeg?h=225&w=225,Food Cupboard,"Chocolate, Sweets, Mints & Chewing Gum"
300876938,Tesco Nutty Nougat Caramel Chocolate Bars Multipack 6 X 40g,£1.50,£0.62/100g,,,False,,False,4.6,57,False,https://www.tesco.com/groceries/en-GB/products/300876938,https://digitalcontent.api.tesco.com/v2/media/ghs/a292dc47-2130-417a-b4f5-8ea5ff8abc38/440b403a-6410-4062-848e-66df81cb69fc_1377814088.jpeg?h=225&w=225,Food Cupboard,"Chocolate, Sweets, Mints & Chewing Gum"
300795072,Ms Molly's Milk Chocolate Bar 100G,£0.55,£0.55/100g,,,False,,False,4.3,76,False,https://www.tesco.com/groceries/en-GB/products/300795072,https://digitalcontent.api.tesco.com/v2/media/ghs/3c66f1bf-e574-4338-b75d-63bf1d1b353a/c7584fa3-e4aa-4758-a0ac-fa624bcb7111_802945762.jpeg?h=225&w=225,Food Cupboard,"Chocolate, Sweets, Mints & Chewing Gum"
300795095,Ms Molly's Dark Chocolate Bar 100G,£0.55,£0.55/100g,,,False,,False,4.4,72,False,https://www.tesco.com/groceries/en-GB/products/300795095,https://digitalcontent.api.tesco.com/v2/media/ghs/fef304b2-1daf-4a87-8aa1-0fd51dd33e55/5e909490-2047-4aca-bb88-37c0f4558f68_254383057.jpeg?h=225&w=225,Food Cupboard,"Chocolate, Sweets, Mints & Chewing Gum"
300795187,Ms Molly's White Chocolate Bar 100G,,,,,False,,False,4.2,56,False,https://www.tesco.com/groceries/en-GB/products/300795187,https://digitalcontent.api.tesco.com/v2/media/ghs/6e6b91e6-618a-4311-b06a-710e49c16853/10ccddc5-a947-4918-a1be-24bc68272326_723215854.jpeg?h=225&w=225,Food Cupboard,"Chocolate, Sweets, Mints & Chewing Gum"
265261169,Bendicks Mint Collection Boxed Chocolates 200G,£6.00,£3.00/100g,,,False,,False,4.6,14,False,https://www.tesco.com/groceries/en-GB/products/265261169,https://digitalcontent.api.tesco.com/v2/media/ghs/2fbe0038-d012-4681-85dc-bc0fb69a559f/b9302deb-e8e2-49c5-b0a2-4ec9ba34e7d7_770167520.jpeg?h=225&w=225,Food Cupboard,"Chocolate, Sweets, Mints & Chewing Gum"
314307964,Lily O' Briens Ultimate Chocolate Collection 212g,£9.20,£4.34/100g,£7.00 Clubcard Price,(£3.30/100g),True,Offer valid for delivery from 09/04/2025 until 29/04/2025,False,,1,False,https://www.tesco.com/groceries/en-GB/products/314307964,https://digitalcontent.api.tesco.com/v2/media/ghs/7c43401a-1ae7-4566-bb24-c3d6543fd3e2/ace54c17-9290-41d3-b475-3945edeb23b4_370784289.jpeg?h=225&w=225,Food Cupboard,"Chocolate, Sweets, Mints & Chewing Gum"
314435564,Lindt Milk Chocolate & Hazelnut Choco Wafers 135G,£6.50,£4.82/100g,£4.25 Save 1/3 Clubcard Price,(£3.15/100g),True,Offer valid for delivery from 11/03/2025 until 20/04/2025,False,4.9,48,False,https://www.tesco.com/groceries/en-GB/products/314435564,https://digitalcontent.api.tesco.com/v2/media/ghs/c7d0ca72-fe32-4498-ac20-1273eb905e1b/688eec78-f85f-4f79-8cf4-24a77442abb0_1300493292.jpeg?h=225&w=225,Food Cupboard,"Chocolate, Sweets, Mints & Chewing Gum"
314106614,Lindt Choco Wafer Assorted Chocolate 138g,£6.50,£4.71/100g,£4.25 Save 1/3 Clubcard Price,(£3.08/100g),True,Offer valid for delivery from 11/03/2025 until 20/04/2025,False,4.9,46,False,https://www.tesco.com/groceries/en-GB/products/314106614,https://digitalcontent.api.tesco.com/v2/media/ghs/dbf45771-9ff8-4e66-969f-ab580599290c/b15cf460-8291-440c-bdaa-6716d9e26d11_1402380801.jpeg?h=225&w=225,Food Cupboard,"Chocolate, Sweets, Mints & Chewing Gum"
300795348,Galaxy Smooth Milk Chocolate Bar Gift 360g,£5.15,£1.43/100g,,,False,,False,4.2,8,False,https://www.tesco.com/groceries/en-GB/products/300795348,https://digitalcontent.api.tesco.com/v2/media/ghs/94efeee8-14cb-4a30-b856-f28029d06ea1/e4f7f074-8c26-43af-9723-2248d6684b62_1364552224.jpeg?h=225&w=225,Food Cupboard,"Chocolate, Sweets, Mints & Chewing Gum"
264587407,Lindt Excellence Dark 90% Cocoa Chocolate Bar 100G,£3.00,£3.00/100g,£2.50 Clubcard Price,(£2.50/100g),True,Offer valid for delivery from 26/03/2025 until 22/04/2025,False,4.2,66,False,https://www.tesco.com/groceries/en-GB/products/264587407,https://digitalcontent.api.tesco.com/v2/media/ghs/3f8bebc9-485d-4b2e-be36-b554fbf96d20/fdd5d76d-76b8-4a4a-9be6-3a9f7b2bef03_400112532.jpeg?h=225&w=225,Food Cupboard,"Chocolate, Sweets, Mints & Chewing Gum"
311433867,Cadbury Dairy Milk Fruit and Nut Chocolate Bar 180g,£2.65,£1.47/100g,,,False,,False,4.6,40,False,https://www.tesco.com/groceries/en-GB/products/311433867,https://digitalcontent.api.tesco.com/v2/media/ghs/df9a88e1-21f3-41e7-9b36-d14a0f15c59c/6978e766-3302-46b9-b88a-15646a804a28_448290779.jpeg?h=225&w=225,Food Cupboard,"Chocolate, Sweets, Mints & Chewing Gum"
286265409,Cadbury Bournville Classic Dark Chocolate 180g,£2.65,£1.47/100g,,,False,,False,3.8,101,False,https://www.tesco.com/groceries/en-GB/products/286265409,https://digitalcontent.api.tesco.com/v2/media/ghs/d7bd6769-2b4b-4aca-8076-2ce8b9085095/656eb6a6-2921-482d-8d89-5733faec9f98_149307836.jpeg?h=225&w=225,Food Cupboard,"Chocolate, Sweets, Mints & Chewing Gum"
308465865,Cadbury Dairy Milk Chocolate Bar 4 Pack Multipack 134g,£2.00,£1.49/100g,,,False,,False,4.7,23,False,https://www.tesco.com/groceries/en-GB/products/308465865,https://digitalcontent.api.tesco.com/v2/media/ghs/51441bfd-b265-42d3-ad1c-b6d34610303f/5cfa7780-a503-4c6a-9ead-84ec0d00f580_1656005662.jpeg?h=225&w=225,Food Cupboard,"Chocolate, Sweets, Mints & Chewing Gum"
283787361,Cadbury Crunchie Chocolate Bar 4 Pack Multipack 128g,£2.00,£1.56/100g,,,False,,False,4.7,56,False,https://www.tesco.com/groceries/en-GB/products/283787361,https://digitalcontent.api.tesco.com/v2/media/ghs/f709caa4-307f-424c-89cb-c78048ac5608/d503f5cf-77ae-4afb-b470-18e72085407f_925206828.jpeg?h=225&w=225,Food Cupboard,"Chocolate, Sweets, Mints & Chewing Gum"
303823283,Cadbury Heroes Chocolate Box 290g,£4.50,£1.55/100g,£3.50 Clubcard Price,(£1.21/100g),True,Offer valid for delivery from 22/01/2025 until 20/04/2025,False,4.4,69,False,https://www.tesco.com/groceries/en-GB/products/303823283,https://digitalcontent.api.tesco.com/v2/media/ghs/0e4d1200-47e7-4d4f-a954-987543e80861/01d55cf4-142b-4c65-a54a-1659c6082433_224675019.jpeg?h=225&w=225,Food Cupboard,"Chocolate, Sweets, Mints & Chewing Gum"
268378919,Tesco Fruit Jellies Sweets 200G,£1.35,£0.68/100g,,,False,,False,4.7,44,False,https://www.tesco.com/groceries/en-GB/products/268378919,https://digitalcontent.api.tesco.com/v2/media/ghs/881c01d2-6627-48ef-8ed5-911587618aa1/bd5b60e5-b44d-44f4-9b0c-16edf8441622_1928645498.jpeg?h=225&w=225,Food Cupboard,"Chocolate, Sweets, Mints & Chewing Gum"
308473498,Rowntree's Fruit Pastilles Sweets Sharing Bag 143g,£1.50,£1.05/100g,,,False,,False,,851,False,https://www.tesco.com/groceries/en-GB/products/308473498,https://digitalcontent.api.tesco.com/v2/media/ghs/aff27f62-83a4-4203-bb2d-c0eec67fc366/a96e715c-1b76-4cc5-a673-6e79bfde6f53_749308618.jpeg?h=225&w=225,Food Cupboard,"Chocolate, Sweets, Mints & Chewing Gum"
313845414,Milky Way Chocolate Bars 6X21.5G,£1.80,£1.40/100g,,,False,,False,,,False,https://www.tesco.com/groceries/en-GB/products/313845414,https://digitalcontent.api.tesco.com/v2/media/ghs/4cac571f-9da5-4170-af0d-5009ad08af71/f063014a-3d1d-4b30-aac5-8058f5992256_943687580.jpeg?h=225&w=225,Food Cupboard,"Chocolate, Sweets, Mints & Chewing Gum"
292086111,Rowntree's Jelly Tots Sweets Sharing Bag 150g,£1.50,£1.00/100g,,,False,,False,4.4,427,False,https://www.tesco.com/groceries/en-GB/products/292086111,https://digitalcontent.api.tesco.com/v2/media/ghs/f28b6613-1a95-4567-b6fd-e5ae87715dd5/268690e3-a639-42e3-a514-bc439994bcb7_1151128824.jpeg?h=225&w=225,Food Cupboard,"Chocolate, Sweets, Mints & Chewing Gum"
297543012,NUTELLA B-ready Bars Multipack 6 X 22g (132g),£2.45,£1.86/100g,£1.70 Clubcard Price,(£1.29/100g),True,Offer valid for delivery from 31/03/2025 until 21/04/2025,False,,4,False,https://www.tesco.com/groceries/en-GB/products/297543012,https://digitalcontent.api.tesco.com/v2/media/ghs/a85b34a8-4d1e-4dbc-9a39-a952834211dc/3539a37a-c713-4647-8aef-955eecfe2e8b_1478495170.jpeg?h=225&w=225,Food Cupboard,"Chocolate, Sweets, Mints & Chewing Gum"
314845159,Maynards Bassetts Mini Gems Sweets Bag 130g,£1.35,£1.04/100g,,,False,,False,,,False,https://www.tesco.com/groceries/en-GB/products/314845159,https://digitalcontent.api.tesco.com/v2/media/ghs/7ea20075-440e-4be4-b81d-603719032ae8/adffd39b-b5e6-4ebc-9b09-7012048c99e2_655570676.jpeg?h=225&w=225,Food Cupboard,"Chocolate, Sweets, Mints & Chewing Gum"
286616442,Yorkie Milk Chocolate Bar Multipack 46g 3 Pack,£1.85,£1.34/100g,,,False,,False,4.5,14,False,https://www.tesco.com/groceries/en-GB/products/286616442,https://digitalcontent.api.tesco.com/v2/media/ghs/f6bd4ef9-b461-4d26-8605-2a3e0bcb5050/1bec73e5-f94b-4973-a5bc-85c930d14c69_413567312.jpeg?h=225&w=225,Food Cupboard,"Chocolate, Sweets, Mints & Chewing Gum"
314427770,Snickers Milk Chocolate Bars Multipack 4 X 41.7G,£1.79,£1.07/100g,,,False,,False,4.3,3,False,https://www.tesco.com/groceries/en-GB/products/314427770,https://digitalcontent.api.tesco.com/v2/media/ghs/5a2ae7e5-73b4-45d2-b44f-0e4d3fe409ab/75752194-74e4-4a71-97aa-ef923211eb57_1737594906.jpeg?h=225&w=225,Food Cupboard,"Chocolate, Sweets, Mints & Chewing Gum"
287522559,Toffee Crisp Milk Chocolate Bar Multipack 38g 4 Pack,£1.65,£1.09/100g,,,False,,False,4.2,8,False,https://www.tesco.com/groceries/en-GB/products/287522559,https://digitalcontent.api.tesco.com/v2/media/ghs/407a8a41-06a0-4ca5-b424-07d762208d13/33b1f2b5-f437-4ddc-91c3-0303102d6355_1924973678.jpeg?h=225&w=225,Food Cupboard,"Chocolate, Sweets, Mints & Chewing Gum"
313955232,Fruittella Duo Stix Vegan Chewy Sweets 160g,£1.55,£0.97/100g,,,False,,False,,4,False,https://www.tesco.com/groceries/en-GB/products/313955232,https://digitalcontent.api.tesco.com/v2/media/ghs/5ac665b4-24b9-4998-a08e-9701e143f42d/c85c58de-fd81-48f5-be4f-c37e491cf493_610402083.jpeg?h=225&w=225,Food Cupboard,"Chocolate, Sweets, Mints & Chewing Gum"
314418153,Fruit-tella Vegan Berries & Cherry 170g,£1.55,£0.91/100g,,,False,,False,,5,False,https://www.tesco.com/groceries/en-GB/products/314418153,https://digitalcontent.api.tesco.com/v2/media/ghs/3fbbe2d1-70da-4743-bf29-19c5ce77322c/9b1f3a90-ccb3-44ad-b10d-a4501548427d_212322337.jpeg?h=225&w=225,Food Cupboard,"Chocolate, Sweets, Mints & Chewing Gum"
313946433,Hi-Chew Sweet & Sour Watermelon Chewy Sweets 50g,£1.25,£2.50/100g,,,False,,False,,2,False,https://www.tesco.com/groceries/en-GB/products/313946433,https://digitalcontent.api.tesco.com/v2/media/ghs/b0428f4d-6ab3-466b-8023-4f3a837c4802/7c9fc816-3dfc-4f98-8588-ee02d8128cb4_1905016939.jpeg?h=225&w=225,Food Cupboard,"Chocolate, Sweets, Mints & Chewing Gum"
314095314,Mars Chocolate Bars Multipack 4 X 39.4g 157.6G,£1.79,£1.14/100g,,,False,,False,3.7,3,False,https://www.tesco.com/groceries/en-GB/products/314095314,https://digitalcontent.api.tesco.com/v2/media/ghs/b7abac83-b898-40a6-a286-b7944ce8bc5d/a66bf1aa-76bd-4c5b-a5c0-8ccf28c783da_580061897.jpeg?h=225&w=225,Food Cupboard,"Chocolate, Sweets, Mints & Chewing Gum"
313737335,Hi-Chew Strawberry Flavoured Chewy Sweets 50g,£1.25,£2.50/100g,,,False,,False,,,False,https://www.tesco.com/groceries/en-GB/products/313737335,https://digitalcontent.api.tesco.com/v2/media/ghs/219c0dba-2e58-4513-bca1-458b66ee8583/278c465d-d11c-4eca-b1c6-832cd24df979_43470441.jpeg?h=225&w=225,Food Cupboard,"Chocolate, Sweets, Mints & Chewing Gum"
268378378,Tesco Butter Mintoes 200G,£1.35,£0.68/100g,,,False,,False,4.3,71,False,https://www.tesco.com/groceries/en-GB/products/268378378,https://digitalcontent.api.tesco.com/v2/media/ghs/909d2f60-479d-4877-88b7-328ccb986e2a/fed47f52-7b53-416e-bf3f-c3bc9d6c1045_1309508859.jpeg?h=225&w=225,Food Cupboard,"Chocolate, Sweets, Mints & Chewing Gum"
307740610,Haribo Supermix Fruit Milk & Sweet Foam Gums 175G,£1.25,£0.71/100g,,,False,,False,4.3,9,False,https://www.tesco.com/groceries/en-GB/products/307740610,https://digitalcontent.api.tesco.com/v2/media/ghs/ea39ca3f-399e-478f-9374-abe680ebc4a2/1a195c1f-ee29-470f-a79c-d64e2e98eedf_1647626094.jpeg?h=225&w=225,Food Cupboard,"Chocolate, Sweets, Mints & Chewing Gum"
314588808,Starburst Original Fruit Chews 138G,£1.25,£0.91/100g,,,False,,False,,1,False,https://www.tesco.com/groceries/en-GB/products/314588808,https://digitalcontent.api.tesco.com/v2/media/ghs/d2183dde-6338-4f43-b90c-0b3482703e10/13ca92c3-037f-43a5-8f51-5c6236998a47_174963755.jpeg?h=225&w=225,Food Cupboard,"Chocolate, Sweets, Mints & Chewing Gum"
307747545,Haribo Giant Strawbs Fruit Gums 175G,£1.25,£0.71/100g,,,False,,False,3.1,10,False,https://www.tesco.com/groceries/en-GB/products/307747545,https://digitalcontent.api.tesco.com/v2/media/ghs/a1367863-31ff-4d8e-9bb4-b9978ae708f0/075955fb-2441-4251-aee4-19e2f92fc3e5_1838760579.jpeg?h=225&w=225,Food Cupboard,"Chocolate, Sweets, Mints & Chewing Gum"
256761242,Tesco Strawberry Pencils 75G,£0.75,£1.00/100g,,,False,,False,3.1,21,False,https://www.tesco.com/groceries/en-GB/products/256761242,https://digitalcontent.api.tesco.com/v2/media/ghs/0264a4df-49fc-4da7-bc28-3036ef3538d5/7ed84743-53e1-4354-bbf0-e69f566f9736_1618676385.jpeg?h=225&w=225,Food Cupboard,"Chocolate, Sweets, Mints & Chewing Gum"
313731923,Fruittella Strawberry Vegan 4 x 41g,£1.25,£0.76/100g,,,False,,False,2.3,3,False,https://www.tesco.com/groceries/en-GB/products/313731923,https://digitalcontent.api.tesco.com/v2/media/ghs/38684de4-24ad-41c8-a091-078bcf974b2f/d1e21f37-f3bc-4a1b-ad62-652f391a0dde_2028548122.jpeg?h=225&w=225,Food Cupboard,"Chocolate, Sweets, Mints & Chewing Gum"
314433923,Skittles Fruits Vegan Chewy Sweets 136G,£1.10,£0.81/100g,,,False,,False,,2,False,https://www.tesco.com/groceries/en-GB/products/314433923,https://digitalcontent.api.tesco.com/v2/media/ghs/c24ad2ba-7327-4510-a741-bf7332815e38/213d06fa-9c55-4a7a-8089-12247b8171de_898684025.jpeg?h=225&w=225,Food Cupboard,"Chocolate, Sweets, Mints & Chewing Gum"
314577499,Swizzels Drumstick Squashies Gums Original 140G,£0.99,£0.71/100g,,,False,,False,,1,False,https://www.tesco.com/groceries/en-GB/products/314577499,https://digitalcontent.api.tesco.com/v2/media/ghs/b5e53aad-0eb3-451a-a1fa-ab44a55a8aad/9ec91bb0-a325-42da-9e40-e5d9dd1ac64f_1645916784.jpeg?h=225&w=225,Food Cupboard,"Chocolate, Sweets, Mints & Chewing Gum"
314837198,Swizzels Drumstick Squashies Rhubarb & Custard 140G,£0.99,£0.71/100g,,,False,,False,,,False,https://www.tesco.com/groceries/en-GB/products/314837198,https://digitalcontent.api.tesco.com/v2/media/ghs/842ee795-dba4-4bb5-88f2-2947c5925ca2/65d88d71-e636-413a-a74f-0f51e421bc67_195535399.jpeg?h=225&w=225,Food Cupboard,"Chocolate, Sweets, Mints & Chewing Gum"
314577608,Swizzels Drumstick Squashies Sour Cherry & Apple 140G,£0.99,£0.71/100g,,,False,,False,,,False,https://www.tesco.com/groceries/en-GB/products/314577608,https://digitalcontent.api.tesco.com/v2/media/ghs/f6a1526d-70c7-46b8-86f5-b68aeb0c5f48/6e83df66-2d8b-49e5-ac87-539acafb1a0a_569439900.jpeg?h=225&w=225,Food Cupboard,"Chocolate, Sweets, Mints & Chewing Gum"
314690139,Swizzels Drumstick Squashies Bubblegum Flavour 140g,£0.99,£0.71/100g,,,False,,False,,2,False,https://www.tesco.com/groceries/en-GB/products/314690139,https://digitalcontent.api.tesco.com/v2/media/ghs/32954640-0b87-44bd-88df-22032c47de77/f3a7941b-7fc3-44e3-bf06-bf7658713bdf_1542946586.jpeg?h=225&w=225,Food Cupboard,"Chocolate, Sweets, Mints & Chewing Gum"
314940150,Swizzels Drumstick Squashies Banana & Blueberry 120G,£0.99,£0.82/100g,,,False,,False,,,False,https://www.tesco.com/groceries/en-GB/products/314940150,https://digitalcontent.api.tesco.com/v2/media/ghs/07877e07-2ce0-4bc6-8a79-657077e649f8/cc31714b-9300-44bd-9b37-63c678eb98a0_2075851612.jpeg?h=225&w=225,Food Cupboard,"Chocolate, Sweets, Mints & Chewing Gum"
254891246,Kinder Chocolate Bars Multipack 8 X 12.5g,£1.45,£1.45/100g,,,False,,False,3.6,5,False,https://www.tesco.com/groceries/en-GB/products/254891246,https://digitalcontent.api.tesco.com/v2/media/ghs/e01c1a61-5b1e-4cbb-a4f0-dab9200836ad/40b9abb7-d9ab-4f35-a384-513fc57845d8_2086324381.jpeg?h=225&w=225,Food Cupboard,"Chocolate, Sweets, Mints & Chewing Gum"
313947081,Skittles Crazy Sour Fruit Sweets 136G,£1.10,£0.81/100g,,,False,,False,,,False,https://www.tesco.com/groceries/en-GB/products/313947081,https://digitalcontent.api.tesco.com/v2/media/ghs/3ca8ca44-7ba7-4be2-8308-c10b35a9979b/a0ef7173-9524-452d-950a-89577d0440dd_1088407258.jpeg?h=225&w=225,Food Cupboard,"Chocolate, Sweets, Mints & Chewing Gum"
314587207,Skittles Giant Crazy Sour Vegan Sweets 132G,£1.10,£0.83/100g,,,False,,False,,,False,https://www.tesco.com/groceries/en-GB/products/314587207,https://digitalcontent.api.tesco.com/v2/media/ghs/8682a525-2d69-4923-a48d-dd4c58485f7a/7f1484c5-babc-4d78-9d28-efe51bf6ed07_2134942615.jpeg?h=225&w=225,Food Cupboard,"Chocolate, Sweets, Mints & Chewing Gum"
266403370,Werther's Original 135G,£1.19,£0.88/100g,,,False,,False,4.1,18,False,https://www.tesco.com/groceries/en-GB/products/266403370,https://digitalcontent.api.tesco.com/v2/media/ghs/cc9219f8-c5c8-44b1-95f6-f19c8479d8c5/7e03f675-96c6-4793-8319-2696c0f38bfc_1431655720.jpeg?h=225&w=225,Food Cupboard,"Chocolate, Sweets, Mints & Chewing Gum"
314101245,Galaxy Ripple Milk Chocolate Bars Multipack 4 x 30g,£1.75,£1.46/100g,,,False,,False,3.4,9,False,https://www.tesco.com/groceries/en-GB/products/314101245,https://digitalcontent.api.tesco.com/v2/media/ghs/fed6b85a-c3af-47f0-be24-761d43f6a9fd/3962cb4d-ccf0-4fda-b53d-adb5c4dc7c8c_1192739597.jpeg?h=225&w=225,Food Cupboard,"Chocolate, Sweets, Mints & Chewing Gum"
300876950,Tesco Cosmic Whip Chocolate Bars Multipack 8 X 22g,£1.50,£0.85/100g,,,False,,False,4.7,106,False,https://www.tesco.com/groceries/en-GB/products/300876950,https://digitalcontent.api.tesco.com/v2/media/ghs/b0387b0d-3805-4f2b-a799-deebec36d676/e8b3eff4-7e56-4458-85b0-a279bdfd1fe9_1048123260.jpeg?h=225&w=225,Food Cupboard,"Chocolate, Sweets, Mints & Chewing Gum"
259595923,Tesco Milk Chocolate Buttons 70G,,,,,False,,False,3.6,36,False,https://www.tesco.com/groceries/en-GB/products/259595923,https://digitalcontent.api.tesco.com/v2/media/ghs/0b8492bc-ca31-41af-a420-1b57cb148483/3b9a941d-3519-4b55-9d6f-1b462d16c028_340271230.jpeg?h=225&w=225,Food Cupboard,"Chocolate, Sweets, Mints & Chewing Gum"
302295999,"Thorntons Classic Collection Of Milk, Dark & White Chocolate 449G",£13.00,£2.90/100g,,,False,,False,3.9,10,False,https://www.tesco.com/groceries/en-GB/products/302295999,https://digitalcontent.api.tesco.com/v2/media/ghs/7637352f-1613-4c07-b646-223636c9af13/f383b0b6-fe05-426a-9d5d-c7c22427bd65_612793032.jpeg?h=225&w=225,Food Cupboard,"Chocolate, Sweets, Mints & Chewing Gum"
270933859,Green & Black's Organic Tasting Collection Boxed Chocolates 395g,£13.00,£3.29/100g,£10.75 Clubcard Price,(£2.72/100g),True,Offer valid for delivery from 23/01/2025 until 20/04/2025,False,4.2,62,False,https://www.tesco.com/groceries/en-GB/products/270933859,https://digitalcontent.api.tesco.com/v2/media/ghs/df76a3e5-f1b9-476e-be8d-05d652a51cf5/fe920450-c1e2-4e97-a60a-b81b62b5fa94_1279122277.jpeg?h=225&w=225,Food Cupboard,"Chocolate, Sweets, Mints & Chewing Gum"
256870176,Guylian Seashells Boxed Chocolates 250G,£7.50,£3.00/100g,,,False,,False,3.8,10,False,https://www.tesco.com/groceries/en-GB/products/256870176,https://digitalcontent.api.tesco.com/v2/media/ghs/e64a84ad-4332-45fa-a577-36167df5a7cf/16f2992e-6457-43ce-99e4-ec4bd411e074_57342023.jpeg?h=225&w=225,Food Cupboard,"Chocolate, Sweets, Mints & Chewing Gum"
311262070,After Eight Dark & Milk Peppermint Chocolate Box 199g,£5.00,£2.51/100g,,,False,,False,,8,False,https://www.tesco.com/groceries/en-GB/products/311262070,https://digitalcontent.api.tesco.com/v2/media/ghs/0d4d46cb-4ea1-4f7d-bd1b-e0174c865351/cc91802d-a7fb-4e59-95a1-dce9cbf3ac9f_1572930413.jpeg?h=225&w=225,Food Cupboard,"Chocolate, Sweets, Mints & Chewing Gum"
311796549,Elizabeth Shaw Mint Crisp 162G,£5.00,£3.09/100g,£4.00 Clubcard Price,(£2.47/100g),True,Offer valid for delivery from 09/04/2025 until 22/04/2025,False,4.6,24,False,https://www.tesco.com/groceries/en-GB/products/311796549,https://digitalcontent.api.tesco.com/v2/media/ghs/ffb65717-6ebe-48d6-a022-02ec4cbf7933/30ecda9b-1c35-4b18-8ff1-2cac4f6959f7_650051171.jpeg?h=225&w=225,Food Cupboard,"Chocolate, Sweets, Mints & Chewing Gum"
313523749,Lindt Classic Vegan Caramel Sea Salt Chocolate Bar 100G,£3.75,£3.75/100g,£3.20 Clubcard Price,(£3.20/100g),True,Offer valid for delivery from 26/03/2025 until 20/05/2025,False,4.5,2,False,https://www.tesco.com/groceries/en-GB/products/313523749,https://digitalcontent.api.tesco.com/v2/media/ghs/49eb330c-b15e-4b70-a069-96bcc8cd8038/afcdea78-d0d6-4481-add2-f84823df96a3_1705101083.jpeg?h=225&w=225,Food Cupboard,"Chocolate, Sweets, Mints & Chewing Gum"
311801464,Quality Street Assorted Chocolate Box 220g,£3.50,£1.59/100g,,,False,,False,,14,False,https://www.tesco.com/groceries/en-GB/products/311801464,https://digitalcontent.api.tesco.com/v2/media/ghs/333ffa4f-ed88-41c8-973c-7aa2b4ebe0d1/bbbd1aa2-b5e7-47c1-a0a9-6e7de5e0b00a_912203257.jpeg?h=225&w=225,Food Cupboard,"Chocolate, Sweets, Mints & Chewing Gum"
303670278,Green & Black's Organic 70% Dark Chocolate Bar 90g,£3.25,£3.61/100g,£2.50 Clubcard Price,(£2.78/100g),True,Offer valid for delivery from 26/03/2025 until 22/04/2025,False,4.7,43,False,https://www.tesco.com/groceries/en-GB/products/303670278,https://digitalcontent.api.tesco.com/v2/media/ghs/f868d7d3-f5d0-474c-baa4-cd5a091d6c8a/12e22b65-66f0-4f96-a1bc-7117404f24ce_535566648.jpeg?h=225&w=225,Food Cupboard,"Chocolate, Sweets, Mints & Chewing Gum"
303670376,Green & Black's Organic 85% Dark Chocolate Bar 90g,£3.25,£3.61/100g,£2.50 Clubcard Price,(£2.78/100g),True,Offer valid for delivery from 26/03/2025 until 22/04/2025,False,4.4,42,False,https://www.tesco.com/groceries/en-GB/products/303670376,https://digitalcontent.api.tesco.com/v2/media/ghs/1a0c2cdc-c159-4495-85de-b462620f14ff/58986cac-d877-473d-bc49-1ee123c76756_1285617952.jpeg?h=225&w=225,Food Cupboard,"Chocolate, Sweets, Mints & Chewing Gum"
311208619,Cadbury Dairy Milk Whole Nut Chocolate Bar 180G,£2.65,£1.47/100g,,,False,,False,4.6,51,False,https://www.tesco.com/groceries/en-GB/products/311208619,https://digitalcontent.api.tesco.com/v2/media/ghs/c64c1040-b0f6-4a5b-9cf1-62bc6b29eac6/f3e63640-92b4-4827-98f8-5f218fbc20d8_852398315.jpeg?h=225&w=225,Food Cupboard,"Chocolate, Sweets, Mints & Chewing Gum"
325001958,Ferrero Raffaello White Chocolate Bar 90g,£2.70,£3.00/100g,,,False,,False,,1,False,https://www.tesco.com/groceries/en-GB/products/325001958,https://digitalcontent.api.tesco.com/v2/media/ghs/42121692-9018-41fa-abe1-24b138b97881/5bf7ead4-24cf-435e-82af-a530016d3b63_1411807296.jpeg?h=225&w=225,Food Cupboard,"Chocolate, Sweets, Mints & Chewing Gum"
313832003,Galaxy Smooth Milk Chocolate Bar 180G,£2.50,£1.39/100g,,,False,,False,,,False,https://www.tesco.com/groceries/en-GB/products/313832003,https://digitalcontent.api.tesco.com/v2/media/ghs/51256eb4-97d0-49df-9840-b37cb8eb4315/943297a6-7f67-4773-942f-20ba5dac0e6c_1523989922.jpeg?h=225&w=225,Food Cupboard,"Chocolate, Sweets, Mints & Chewing Gum"
256584906,Kinder Mini Treats 16 Pack 200G,£3.00,£1.50/100g,,,False,,False,4.8,62,False,https://www.tesco.com/groceries/en-GB/products/256584906,https://digitalcontent.api.tesco.com/v2/media/ghs/693f624b-8c2e-460f-927d-fbcdc9907e25/33dd46e9-d3d4-4b11-8bfa-80df31e850c1.jpeg?h=225&w=225,Food Cupboard,"Chocolate, Sweets, Mints & Chewing Gum"
297057651,Lindt Lindor Milk Chocolate Bars Multipack 4 X 25g,£3.00,£3.00/100g,£2.25 Save 25% Clubcard Price,(£2.25/100g),True,Offer valid for delivery from 26/03/2025 until 22/04/2025,False,4.3,7,False,https://www.tesco.com/groceries/en-GB/products/297057651,https://digitalcontent.api.tesco.com/v2/media/ghs/7aed802c-76e9-42d9-be5c-130176c150ab/37654f39-e7c8-43e9-9290-11c188c0af9d_807170988.jpeg?h=225&w=225,Food Cupboard,"Chocolate, Sweets, Mints & Chewing Gum"
292573715,Kit Kat 4 Finger Milk Chocolate Bar Multipack 41.5g 8 Pack,£2.75,£0.83/100g,,,False,,False,4.9,92,False,https://www.tesco.com/groceries/en-GB/products/292573715,https://digitalcontent.api.tesco.com/v2/media/ghs/ccd68c5d-f7ec-4c06-9da1-82130049df37/7662c440-7cbf-4fb5-baca-22d7095d673f_1572205866.jpeg?h=225&w=225,Food Cupboard,"Chocolate, Sweets, Mints & Chewing Gum"
314577430,Bonds of London Lemon Sherbets 120g,£1.50,£1.25/100g,,,False,,False,2.1,7,False,https://www.tesco.com/groceries/en-GB/products/314577430,https://digitalcontent.api.tesco.com/v2/media/ghs/b0a7cc96-57e5-4d4b-8d7f-1fdd266d6a37/22e9cf5d-f6e6-4ab9-b48a-dc67851bccc3_703938355.jpeg?h=225&w=225,Food Cupboard,"Chocolate, Sweets, Mints & Chewing Gum"
292543538,Cadbury Picnic Chocolate Bar 4 Pack Multipack 152g,£2.00,£1.32/100g,,,False,,False,4.6,45,False,https://www.tesco.com/groceries/en-GB/products/292543538,https://digitalcontent.api.tesco.com/v2/media/ghs/866c095e-39a4-46aa-8a54-ff4c3723b7f1/deb353fd-e4ed-4846-add3-830c501394e5_1349453597.jpeg?h=225&w=225,Food Cupboard,"Chocolate, Sweets, Mints & Chewing Gum"
315056763,Sour Patch Kids Original Sweets Bag 130g,£1.50,£1.15/100g,,,False,,False,,4,False,https://www.tesco.com/groceries/en-GB/products/315056763,https://digitalcontent.api.tesco.com/v2/media/ghs/01510cb4-877f-4488-a61e-4c3a04f70560/485fc8f2-b221-4300-8887-21d3f20a4204_1577920400.jpeg?h=225&w=225,Food Cupboard,"Chocolate, Sweets, Mints & Chewing Gum"
314828897,Reese's Peanut Butter Milk Chocolate Bar 90g,£1.85,£2.06/100g,,,False,,False,,2,False,https://www.tesco.com/groceries/en-GB/products/314828897,https://digitalcontent.api.tesco.com/v2/media/ghs/b7e09c57-a0d0-492e-aa55-ccb74eac03ee/2bab27fd-c58a-4f0c-a87b-32f1b232be13_2046090203.jpeg?h=225&w=225,Food Cupboard,"Chocolate, Sweets, Mints & Chewing Gum"
315054264,Sour Patch Kids Watermelon Sour Sweets 130G,£1.50,£1.15/100g,,,False,,False,3.7,3,False,https://www.tesco.com/groceries/en-GB/products/315054264,https://digitalcontent.api.tesco.com/v2/media/ghs/90b651c1-9f55-4f37-99a7-823751648703/8ce68d27-68ab-45ff-b33a-1a45ccd1e09a_1393635906.jpeg?h=225&w=225,Food Cupboard,"Chocolate, Sweets, Mints & Chewing Gum"
315166621,Sour Patch Kids Fruit Mix Sweets Bag 130g,£1.50,£1.15/100g,,,False,,False,3.7,3,False,https://www.tesco.com/groceries/en-GB/products/315166621,https://digitalcontent.api.tesco.com/v2/media/ghs/8b8ada74-8348-4045-99f2-447437f34827/e93ad845-5e6c-4f20-b540-8a4e9942bfc5_349961498.jpeg?h=225&w=225,Food Cupboard,"Chocolate, Sweets, Mints & Chewing Gum"
310700389,Rowntree's Fruit Gums Sweets Sharing Bag 150g,£1.50,£1.00/100g,,,False,,False,3.9,411,False,https://www.tesco.com/groceries/en-GB/products/310700389,https://digitalcontent.api.tesco.com/v2/media/ghs/e6cb16eb-37bd-475f-a6a6-c4435364ceff/d94d7e4d-185b-4174-89bb-c2770c48965f_559175200.jpeg?h=225&w=225,Food Cupboard,"Chocolate, Sweets, Mints & Chewing Gum"
315056901,Maynards Bassetts Wine Gums Sweets Bag 165g,£1.50,£0.91/100g,£1.10 Save 25% Clubcard Price,(£0.67/100g),True,Offer valid for delivery from 26/03/2025 until 22/04/2025,False,2.7,3,False,https://www.tesco.com/groceries/en-GB/products/315056901,https://digitalcontent.api.tesco.com/v2/media/ghs/a364d503-bcb5-4177-8229-5fd9b52a8968/cf4eab9d-ad18-4226-aa6c-4c8fe7022d59_2041785044.jpeg?h=225&w=225,Food Cupboard,"Chocolate, Sweets, Mints & Chewing Gum"
314843417,Maynards Bassetts Jelly Babies 165g,£1.50,£0.91/100g,£1.10 Save 25% Clubcard Price,(£0.67/100g),True,Offer valid for delivery from 26/03/2025 until 22/04/2025,False,,,False,https://www.tesco.com/groceries/en-GB/products/314843417,https://digitalcontent.api.tesco.com/v2/media/ghs/109ea9c0-9ea6-4170-bbbf-1bfd830ce356/b248a2bd-cd5e-4a6c-8c3c-0253cdcb337c_1747246214.jpeg?h=225&w=225,Food Cupboard,"Chocolate, Sweets, Mints & Chewing Gum"
315058133,Maynards Bassetts Sports Mix Sweets Bag 165g,£1.50,£0.91/100g,£1.10 Save 25% Clubcard Price,(£0.67/100g),True,Offer valid for delivery from 26/03/2025 until 22/04/2025,False,,,False,https://www.tesco.com/groceries/en-GB/products/315058133,https://digitalcontent.api.tesco.com/v2/media/ghs/b8501bb4-e0e3-43b7-bfe0-bfdb8fc66dd6/0ceab6b4-1c24-4003-b997-f2b302a30571_633496419.jpeg?h=225&w=225,Food Cupboard,"Chocolate, Sweets, Mints & Chewing Gum"
268379400,Tesco Jelly Beans Sweets 200G,£1.35,£0.68/100g,,,False,,False,3.9,49,False,https://www.tesco.com/groceries/en-GB/products/268379400,https://digitalcontent.api.tesco.com/v2/media/ghs/b8aa6d25-4af7-4b37-bec8-164a0825c63d/71f2ace1-82ab-4b83-bf9d-502e739051d3_1257217284.jpeg?h=225&w=225,Food Cupboard,"Chocolate, Sweets, Mints & Chewing Gum"
314411984,Galaxy Smooth Milk Chocolate Bar 100G,£1.85,£1.85/100g,,,False,,False,,1,False,https://www.tesco.com/groceries/en-GB/products/314411984,https://digitalcontent.api.tesco.com/v2/media/ghs/438a6d7d-82d0-46ce-a4e4-6e4fbf2ac6f4/b9e1ecfd-6ced-48bf-ae07-3bec0779d292_1065655461.jpeg?h=225&w=225,Food Cupboard,"Chocolate, Sweets, Mints & Chewing Gum"
304410804,Terry's Orange Chocolate Bars Multipack 3 X 35g,£1.35,£1.29/100g,,,False,,False,4.6,9,False,https://www.tesco.com/groceries/en-GB/products/304410804,https://digitalcontent.api.tesco.com/v2/media/ghs/49297978-6526-47ce-b675-295e3b488b48/df84f3cf-90ef-4801-883c-1458f4eae306_2037058002.jpeg?h=225&w=225,Food Cupboard,"Chocolate, Sweets, Mints & Chewing Gum"
315147771,Cadbury Eclairs Chocolate Sweets Bag 130g,£1.35,£1.04/100g,,,False,,False,3.6,8,False,https://www.tesco.com/groceries/en-GB/products/315147771,https://digitalcontent.api.tesco.com/v2/media/ghs/91bd159a-da65-492c-85d3-e5107877032d/f5c1b6bb-484c-4097-bdf5-b17800d7458a_541208626.jpeg?h=225&w=225,Food Cupboard,"Chocolate, Sweets, Mints & Chewing Gum"
303717858,Rolo Milk Chocolate Tube Multipack 41.6g 4 Pack,£1.65,£0.99/100g,,,False,,False,3.9,7,False,https://www.tesco.com/groceries/en-GB/products/303717858,https://digitalcontent.api.tesco.com/v2/media/ghs/530e0c18-7a4a-4112-8ff5-929e2a7ee932/c0ac9b57-8003-4474-8623-b4c8c6688a8d_208208648.jpeg?h=225&w=225,Food Cupboard,"Chocolate, Sweets, Mints & Chewing Gum"
289880422,Lion Milk Chocolate Bar Multipack 42g 4 Pack,£1.65,£0.98/100g,,,False,,False,4.4,13,False,https://www.tesco.com/groceries/en-GB/products/289880422,https://digitalcontent.api.tesco.com/v2/media/ghs/fe78d493-93d4-479d-8b28-4158359924b1/25d5c5a1-eba3-4f0b-b865-287cfa451333_926707767.jpeg?h=225&w=225,Food Cupboard,"Chocolate, Sweets, Mints & Chewing Gum"
314950731,Cadbury Caramilk Crisp 85G,£1.65,£1.94/100g,,,False,,False,4.5,43,False,https://www.tesco.com/groceries/en-GB/products/314950731,https://digitalcontent.api.tesco.com/v2/media/ghs/395035fd-2742-4da2-97ac-e132dc5e2b6b/0940afcf-a0b1-4991-a521-b3fd0921e074_2131464856.jpeg?h=225&w=225,Food Cupboard,"Chocolate, Sweets, Mints & Chewing Gum"
256407784,Giant New Refresher Chew Bar (C),£0.20,£1.11/100g,,,False,,False,4.7,6,False,https://www.tesco.com/groceries/en-GB/products/256407784,https://digitalcontent.api.tesco.com/v2/media/ghs/f27dbb57-24bc-4185-8074-f85fdcd7f8e8/f6f7ed8e-a3af-430f-b0f2-fca33295ceba_1575880869.jpeg?h=225&w=225,Food Cupboard,"Chocolate, Sweets, Mints & Chewing Gum"
292573934,Kit Kat 4 Finger Milk Chocolate Bar Multipack 41.5g 4 Pack,£1.50,£0.90/100g,,,False,,False,3.6,9,False,https://www.tesco.com/groceries/en-GB/products/292573934,https://digitalcontent.api.tesco.com/v2/media/ghs/6466dfe2-dd83-4038-ae4e-22ab4b419b33/9befd443-946a-44e1-a44c-61e7b363fb10_761593761.jpeg?h=225&w=225,Food Cupboard,"Chocolate, Sweets, Mints & Chewing Gum"
257133685,Tesco Fizzy Strawberry Flavour Lances 75G,£0.75,£1.00/100g,,,False,,False,4.6,30,False,https://www.tesco.com/groceries/en-GB/products/257133685,https://digitalcontent.api.tesco.com/v2/media/ghs/1a0f40a0-1916-422d-9a71-b5a17190c2e0/b4f687c5-d452-477f-82a5-cab7383db675_793617691.jpeg?h=225&w=225,Food Cupboard,"Chocolate, Sweets, Mints & Chewing Gum"
254573427,Tesco Jelly Babies Sweets 250G,£1.35,£0.54/100g,,,False,,False,4.3,68,False,https://www.tesco.com/groceries/en-GB/products/254573427,https://digitalcontent.api.tesco.com/v2/media/ghs/419ed53d-a9f0-4f7b-8119-06e8bde8be63/8dd5c8e1-82fd-4fb7-8ec5-d434af38f3ad_1895375641.jpeg?h=225&w=225,Food Cupboard,"Chocolate, Sweets, Mints & Chewing Gum"
314950967,Haribo Marshmallows Chamallows Pink & White 140G,£1.25,£0.89/100g,,,False,,False,,,False,https://www.tesco.com/groceries/en-GB/products/314950967,https://digitalcontent.api.tesco.com/v2/media/ghs/782f3fda-fb88-45a4-a758-a853e9c8255a/210bb10c-0f68-41f9-bfaa-ebd0f05e75a8_211503173.jpeg?h=225&w=225,Food Cupboard,"Chocolate, Sweets, Mints & Chewing Gum"
251108921,Haribo Starmix Mini Bag 16G,£0.30,£1.88/100g,,,False,,False,,,False,https://www.tesco.com/groceries/en-GB/products/251108921,https://digitalcontent.api.tesco.com/v2/media/ghs/2e698190-1545-4e7c-93bd-e2b4c8137f3a/48963390-295a-45be-8888-12b4e2b8e2ac_1490784178.jpeg?h=225&w=225,Food Cupboard,"Chocolate, Sweets, Mints & Chewing Gum"
274000304,Tesco Dolly Mixtures 85G,£0.75,£0.88/100g,,,False,,False,3.8,66,False,https://www.tesco.com/groceries/en-GB/products/274000304,https://digitalcontent.api.tesco.com/v2/media/ghs/5d7e4474-a098-4cd7-b75b-a049b0ddafb0/af48e457-cfd3-4b06-b4e1-e8059560a40d_384755891.jpeg?h=225&w=225,Food Cupboard,"Chocolate, Sweets, Mints & Chewing Gum"
275049199,Tesco Shrimps And Bananas 80G,£0.75,£0.94/100g,,,False,,False,4.4,52,False,https://www.tesco.com/groceries/en-GB/products/275049199,https://digitalcontent.api.tesco.com/v2/media/ghs/83731c1f-6d15-467d-acd1-e69caee9c009/b5dc1031-00e2-4009-b7ab-3229f1b00ce9_494445639.jpeg?h=225&w=225,Food Cupboard,"Chocolate, Sweets, Mints & Chewing Gum"
293368289,Toblerone Milk Chocolate Bar 360g,£6.00,£1.67/100g,£4.20 Clubcard Price,(£1.17/100g),True,Offer valid for delivery from 01/02/2025 until 20/04/2025,False,4.8,55,False,https://www.tesco.com/groceries/en-GB/products/293368289,https://digitalcontent.api.tesco.com/v2/media/ghs/6363d440-c339-456f-8e43-916520998e22/2d3c17f3-42fa-4f83-865e-f985766b40b9_291639793.jpeg?h=225&w=225,Food Cupboard,"Chocolate, Sweets, Mints & Chewing Gum"
303272703,Barratt Flumps 20G,£0.35,£1.75/100g,25p Clubcard Price,(£1.25/100g),True,Offer valid for delivery from 26/03/2025 until 22/04/2025,False,4.8,4,False,https://www.tesco.com/groceries/en-GB/products/303272703,https://digitalcontent.api.tesco.com/v2/media/ghs/ccd3a531-6398-48d0-8ca7-8ee054e628f5/aff528cc-2ced-45a5-b0a4-88516c55a1ec_597468502.jpeg?h=225&w=225,Food Cupboard,"Chocolate, Sweets, Mints & Chewing Gum"
287853173,Fry's Chocolate Cream Chocolate Bar 3 Pack Multipack 147g,£1.50,£1.02/100g,£1.00 Save 1/3 Clubcard Price,(£0.68/100g),True,Offer valid for delivery from 31/03/2025 until 21/04/2025,False,3.3,23,False,https://www.tesco.com/groceries/en-GB/products/287853173,https://digitalcontent.api.tesco.com/v2/media/ghs/b11d3117-7468-4bcd-8e66-758be9b19896/3121d1da-8353-46fd-a3cb-d470c3d8444c.jpeg?h=225&w=225,Food Cupboard,"Chocolate, Sweets, Mints & Chewing Gum"
259595981,Tesco White Chocolate Buttons 70G,£0.75,£1.07/100g,,,False,,False,4.6,49,False,https://www.tesco.com/groceries/en-GB/products/259595981,https://digitalcontent.api.tesco.com/v2/media/ghs/70f7b3ca-e4c5-4ba8-9fa7-e6ed0f5a37af/09b2faf1-dac7-45f3-94c4-1a62c78b4673_1685660286.jpeg?h=225&w=225,Food Cupboard,"Chocolate, Sweets, Mints & Chewing Gum"
300795164,Tesco White Chocolate Bar 200G,£2.30,£1.15/100g,,,False,,False,3.5,33,False,https://www.tesco.com/groceries/en-GB/products/300795164,https://digitalcontent.api.tesco.com/v2/media/ghs/8e7cd371-c8ca-439c-8300-93127d1bd547/753c7ab9-07fc-4358-93a7-177f01fb53a4_329656275.jpeg?h=225&w=225,Food Cupboard,"Chocolate, Sweets, Mints & Chewing Gum"
306495999,Lindt Lindor Chocolate Truffles - Salted Caramel 200g,£7.50,£3.75/100g,,,False,,False,4.7,59,False,https://www.tesco.com/groceries/en-GB/products/306495999,https://digitalcontent.api.tesco.com/v2/media/ghs/10235190-490c-424f-a603-1f152f16abea/d6782623-81d2-4345-a429-c0a308cc826f_1745157196.jpeg?h=225&w=225,Food Cupboard,"Chocolate, Sweets, Mints & Chewing Gum"
309162346,Thorntons Continental Collection Boxed Chocolate 264G,£11.50,£4.36/100g,£8.00 Clubcard Price,(£3.03/100g),True,Offer valid for delivery from 08/02/2025 until 22/04/2025,False,,12,False,https://www.tesco.com/groceries/en-GB/products/309162346,https://digitalcontent.api.tesco.com/v2/media/ghs/4a19c904-d905-495c-8881-611781ee7df1/4170fa40-3406-4167-98ce-fcea2e792a7c_881192247.jpeg?h=225&w=225,Food Cupboard,"Chocolate, Sweets, Mints & Chewing Gum"
250986325,Lindt Excellence 85% Cocoa 100G,£3.00,£3.00/100g,£2.50 Clubcard Price,(£2.50/100g),True,Offer valid for delivery from 26/03/2025 until 22/04/2025,False,4.4,56,False,https://www.tesco.com/groceries/en-GB/products/250986325,https://digitalcontent.api.tesco.com/v2/media/ghs/0d74508d-7093-46e4-a598-3ad5fc02703b/f7d22f33-a073-4e58-adad-cb7fca8e0e59_1410234450.jpeg?h=225&w=225,Food Cupboard,"Chocolate, Sweets, Mints & Chewing Gum"
266726834,Lindt Excellence Dark Chocolate - A Touch of Sea Salt 100g,£3.00,£3.00/100g,£2.50 Clubcard Price,(£2.50/100g),True,Offer valid for delivery from 26/03/2025 until 22/04/2025,False,4.7,49,False,https://www.tesco.com/groceries/en-GB/products/266726834,https://digitalcontent.api.tesco.com/v2/media/ghs/9f6a8cb0-cdc4-48b3-98a7-9e410296abd5/0f37e13d-0e5b-407c-b6e9-dfa3a00044ef_149180926.jpeg?h=225&w=225,Food Cupboard,"Chocolate, Sweets, Mints & Chewing Gum"
256363293,Lindt Excellence Dark Chocolate Bar - Orange Intense 100g,£3.00,£3.00/100g,£2.50 Clubcard Price,(£2.50/100g),True,Offer valid for delivery from 26/03/2025 until 22/04/2025,False,4.8,57,False,https://www.tesco.com/groceries/en-GB/products/256363293,https://digitalcontent.api.tesco.com/v2/media/ghs/d3ef28e3-dcc8-46aa-a904-dda23a734e16/472e81b7-9a54-43f5-a753-28a1009e7e0b_1578292285.jpeg?h=225&w=225,Food Cupboard,"Chocolate, Sweets, Mints & Chewing Gum"
311799039,Maltesers Milk Chocolate Fun Size Bags Multipack 214.5g,£4.90,£2.28/100g,,,False,,False,4.4,14,False,https://www.tesco.com/groceries/en-GB/products/311799039,https://digitalcontent.api.tesco.com/v2/media/ghs/d53f055c-1563-4e11-a59d-606e61ce965a/0706476d-2140-408d-b06e-b7effb1e6a6b_1696504737.jpeg?h=225&w=225,Food Cupboard,"Chocolate, Sweets, Mints & Chewing Gum"
300809449,Tesco Turkish Delight Bar 150G,£2.30,£1.53/100g,,,False,,False,4.7,62,False,https://www.tesco.com/groceries/en-GB/products/300809449,https://digitalcontent.api.tesco.com/v2/media/ghs/c203c713-144d-4661-a83f-4871e59a12db/1773a94b-0763-4c06-8f89-6ca12af5382f_1836861979.jpeg?h=225&w=225,Food Cupboard,"Chocolate, Sweets, Mints & Chewing Gum"
306503726,Lindt Lindor Milk Truffles 37G,£2.00,£5.40/100g,,,False,,False,1.5,11,False,https://www.tesco.com/groceries/en-GB/products/306503726,https://digitalcontent.api.tesco.com/v2/media/ghs/62bdb6af-7e42-4389-9889-813e377cf5fe/6c21a853-1a80-48a2-b15b-e68ca6c1394b_1840014288.jpeg?h=225&w=225,Food Cupboard,"Chocolate, Sweets, Mints & Chewing Gum"
311270359,Cadbury Marvellous Creations Jelly Pop Candy Chocolate Bar 160g,£2.65,£1.66/100g,,,False,,False,4.4,43,False,https://www.tesco.com/groceries/en-GB/products/311270359,https://digitalcontent.api.tesco.com/v2/media/ghs/74055bad-3563-4f96-817d-486f86e60a08/1675ff32-0e1e-405f-bc9a-01dc73a44bf5_1436736866.jpeg?h=225&w=225,Food Cupboard,"Chocolate, Sweets, Mints & Chewing Gum"
315061065,Aero Bubbles Peppermint Share Bag 181g,£2.50,£1.38/100g,,,False,,False,,,False,https://www.tesco.com/groceries/en-GB/products/315061065,https://digitalcontent.api.tesco.com/v2/media/ghs/1bc061cd-d7ac-44d6-a285-39b105111a69/fae629c3-5378-44c5-96da-247e38d47375_371791401.jpeg?h=225&w=225,Food Cupboard,"Chocolate, Sweets, Mints & Chewing Gum"
314689142,Munchies Milk Chocolate Share Bag 194G,£2.50,£1.29/100g,,,False,,False,,1,False,https://www.tesco.com/groceries/en-GB/products/314689142,https://digitalcontent.api.tesco.com/v2/media/ghs/dbe40970-9c56-42eb-812a-214b1ea63873/76df5f31-7c88-41c5-82ff-6cf3c640b573_1274062549.jpeg?h=225&w=225,Food Cupboard,"Chocolate, Sweets, Mints & Chewing Gum"
253883701,Kinder Happy Hippo Single 20.7G,£0.65,£3.14/100g,,,False,,False,4.4,5,False,https://www.tesco.com/groceries/en-GB/products/253883701,https://digitalcontent.api.tesco.com/v2/media/ghs/d251f97d-ee61-4103-8237-464e2e0ab142/34d75151-42f4-4595-b232-960828a33084_1332547530.jpeg?h=225&w=225,Food Cupboard,"Chocolate, Sweets, Mints & Chewing Gum"
314945847,Milkybar Giant White Chocolate Pieces 176g,£2.50,£1.42/100g,,,False,,False,,,False,https://www.tesco.com/groceries/en-GB/products/314945847,https://digitalcontent.api.tesco.com/v2/media/ghs/c5ce5386-3b43-4164-aacf-8a7886a3b549/72a39a7f-7281-4225-89fc-c253ec83b3d3_425972104.jpeg?h=225&w=225,Food Cupboard,"Chocolate, Sweets, Mints & Chewing Gum"
309465086,Cadbury Wispa Chocolate Bar 4 Pack Multipack 111.6g,£2.00,£1.79/100g,,,False,,False,4.6,51,False,https://www.tesco.com/groceries/en-GB/products/309465086,https://digitalcontent.api.tesco.com/v2/media/ghs/f4934f05-1bdd-41a3-8d1f-c003917b2a1b/4d307e42-5188-47e8-92c7-a549984e3cac_685626293.jpeg?h=225&w=225,Food Cupboard,"Chocolate, Sweets, Mints & Chewing Gum"
313600353,Cadbury Bitsa Wispa Milk Chocolate Big Share Bag 185.5g,£2.50,£1.35/100g,,,False,,False,4.8,96,False,https://www.tesco.com/groceries/en-GB/products/313600353,https://digitalcontent.api.tesco.com/v2/media/ghs/17f124ee-8a71-4f87-8b38-45c34a8090b7/096e3284-2496-4add-a03d-b3312d445485_668924752.jpeg?h=225&w=225,Food Cupboard,"Chocolate, Sweets, Mints & Chewing Gum"
274038185,Tesco Mint Imperials 200G,£1.35,£0.68/100g,,,False,,False,4.4,67,False,https://www.tesco.com/groceries/en-GB/products/274038185,https://digitalcontent.api.tesco.com/v2/media/ghs/eee3ed33-4fd6-40ca-bd84-1d1659cd8500/c1c67b97-b130-40f7-97e0-92030666d51f_1660485205.jpeg?h=225&w=225,Food Cupboard,"Chocolate, Sweets, Mints & Chewing Gum"
310651826,Rowntree's Pick & Mix Sweets Sharing Bag 150g,£1.50,£1.00/100g,,,False,,False,4.4,261,False,https://www.tesco.com/groceries/en-GB/products/310651826,https://digitalcontent.api.tesco.com/v2/media/ghs/a1d239d1-7ab5-4285-a768-db271b1c8b9d/7c43b99f-c885-4035-ab9e-51654a9dec92_232848500.jpeg?h=225&w=225,Food Cupboard,"Chocolate, Sweets, Mints & Chewing Gum"
308455474,Rowntree's Fruit Pastilles Strawberry & Blackcurrant Sweets Sharing Bag 143g,£1.50,£1.05/100g,,,False,,False,4.7,909,False,https://www.tesco.com/groceries/en-GB/products/308455474,https://digitalcontent.api.tesco.com/v2/media/ghs/8ff98faa-47d2-41f3-ba8f-ffd65a488e4a/529782fb-c67f-4e68-8ed2-774e5b3ef0f4_1139928312.jpeg?h=225&w=225,Food Cupboard,"Chocolate, Sweets, Mints & Chewing Gum"
315073840,Maynards Bassetts Liquorice Allsorts 165g,£1.50,£0.91/100g,£1.10 Save 25% Clubcard Price,(£0.67/100g),True,Offer valid for delivery from 26/03/2025 until 22/04/2025,False,1.3,7,False,https://www.tesco.com/groceries/en-GB/products/315073840,https://digitalcontent.api.tesco.com/v2/media/ghs/8a95bfd5-123c-4aac-98f2-39a9642f3352/171c0875-ba0c-4094-b2c0-101582daebc0_977540698.jpeg?h=225&w=225,Food Cupboard,"Chocolate, Sweets, Mints & Chewing Gum"
256964198,Haribo Tangfastics Mini Bag 16G,£0.30,£1.88/100g,,,False,,False,,,False,https://www.tesco.com/groceries/en-GB/products/256964198,https://digitalcontent.api.tesco.com/v2/media/ghs/070e3775-14d5-4512-b11f-0f979b3d9f73/3c4d8cc0-db26-4449-8ba6-c23dbecde519_1937042504.jpeg?h=225&w=225,Food Cupboard,"Chocolate, Sweets, Mints & Chewing Gum"
292069996,Rowntree's Randoms Sweets Sharing Bag 150g,£1.50,£1.00/100g,£1.10 Save 25% Clubcard Price,(£0.73/100g),True,Offer valid for delivery from 26/03/2025 until 22/04/2025,False,3.9,111,False,https://www.tesco.com/groceries/en-GB/products/292069996,https://digitalcontent.api.tesco.com/v2/media/ghs/b961ea6b-8aa9-4151-889c-7bf313f9fa1e/9286b522-d6b4-4839-bbe6-14f929518bed_1963813472.jpeg?h=225&w=225,Food Cupboard,"Chocolate, Sweets, Mints & Chewing Gum"
271373598,Tesco Mini Gems Sweets 200G,£1.35,£0.68/100g,,,False,,False,3.9,35,False,https://www.tesco.com/groceries/en-GB/products/271373598,https://digitalcontent.api.tesco.com/v2/media/ghs/5bfdc1a0-df66-4cd8-8ba0-5c57a066e578/181eb182-92dc-4544-81e1-919eb7dbf104_479661784.jpeg?h=225&w=225,Food Cupboard,"Chocolate, Sweets, Mints & Chewing Gum"
256582436,Tesco Liquorice Allsorts Sweets 250G,£1.35,£0.54/100g,,,False,,False,2.4,79,False,https://www.tesco.com/groceries/en-GB/products/256582436,https://digitalcontent.api.tesco.com/v2/media/ghs/ac918c09-5fb0-4278-94b3-3e2aa4742212/9e8411a3-0947-4ac3-bc51-668542ff163f_738166933.jpeg?h=225&w=225,Food Cupboard,"Chocolate, Sweets, Mints & Chewing Gum"
265046131,Aero Bubbly Milk Chocolate Bar Multipack 27g 4 Pack,£1.65,£1.53/100g,,,False,,False,4.8,61,False,https://www.tesco.com/groceries/en-GB/products/265046131,https://digitalcontent.api.tesco.com/v2/media/ghs/ae9cee87-eb43-4705-aee4-356db6628cd2/df5828e6-7722-4077-a698-36526f2126dc_614838634.jpeg?h=225&w=225,Food Cupboard,"Chocolate, Sweets, Mints & Chewing Gum"
268379626,Tesco Mint Assortment 200G,£1.35,£0.68/100g,,,False,,False,4.1,56,False,https://www.tesco.com/groceries/en-GB/products/268379626,https://digitalcontent.api.tesco.com/v2/media/ghs/932ea464-5757-404d-84c3-02ed527df051/d63154a2-bae1-4815-b562-7cf854d7adb3_1245652027.jpeg?h=225&w=225,Food Cupboard,"Chocolate, Sweets, Mints & Chewing Gum"
306656274,Tesco Toffee 175G,£1.35,£0.77/100g,,,False,,False,4.6,79,False,https://www.tesco.com/groceries/en-GB/products/306656274,https://digitalcontent.api.tesco.com/v2/media/ghs/ecff0bf1-4c1a-448b-bf16-6c79dafbaef4/9dca5cab-4e77-494e-9fca-140c1eaa83b6_266458207.jpeg?h=225&w=225,Food Cupboard,"Chocolate, Sweets, Mints & Chewing Gum"
293639332,Nutella & Go! Hazelnut Chocolate Spread and Breadsticks Snack Pot Multipack 2 x 48g,£2.05,£2.14/100g,,,False,,False,4.6,7,False,https://www.tesco.com/groceries/en-GB/products/293639332,https://digitalcontent.api.tesco.com/v2/media/ghs/ab3958ad-5bf2-4873-9305-35ae771d2512/0e1d177c-462c-4923-b703-c8baa44f0e07_1642628326.jpeg?h=225&w=225,Food Cupboard,"Chocolate, Sweets, Mints & Chewing Gum"
302225854,Haribo Maoam Pinballs 140G (R),£1.09,£0.78/100g,,,False,,False,4.5,8,False,https://www.tesco.com/groceries/en-GB/products/302225854,https://digitalcontent.api.tesco.com/v2/media/ghs/ea47932b-c6e0-4e2b-9fb5-519441a95f6b/0252bf70-0b25-4cbd-bc51-9422741fc817_1104162817.jpeg?h=225&w=225,Food Cupboard,"Chocolate, Sweets, Mints & Chewing Gum"
306666072,Tesco Chocolate Eclairs 175G,£1.35,£0.77/100g,,,False,,False,4.6,103,False,https://www.tesco.com/groceries/en-GB/products/306666072,https://digitalcontent.api.tesco.com/v2/media/ghs/2105e7ba-494c-43a5-94db-f8ff84490ec9/601657df-0c69-43c0-934c-ffde1c1ca499_677525062.jpeg?h=225&w=225,Food Cupboard,"Chocolate, Sweets, Mints & Chewing Gum"
256582465,Tesco Fruit Pastilles Sweets 250G,£1.35,£0.54/100g,,,False,,False,3.7,44,False,https://www.tesco.com/groceries/en-GB/products/256582465,https://digitalcontent.api.tesco.com/v2/media/ghs/3cc1e474-96b2-41a7-9fac-9f99184eb287/174e70c1-fe43-41fe-b2e4-e48dfbfeed83_2012808001.jpeg?h=225&w=225,Food Cupboard,"Chocolate, Sweets, Mints & Chewing Gum"
302225877,Haribo Maoam Joystixx 140G (R),£1.09,£0.78/100g,,,False,,False,4.7,12,False,https://www.tesco.com/groceries/en-GB/products/302225877,https://digitalcontent.api.tesco.com/v2/media/ghs/80121bd9-5892-44d0-a7c7-396dde600279/29f42402-110e-4723-a8fc-cdd6fc3aa25f_1988526963.jpeg?h=225&w=225,Food Cupboard,"Chocolate, Sweets, Mints & Chewing Gum"
257133731,Tesco Fizzy Cola Lances 75G,£0.75,£1.00/100g,,,False,,False,4.5,12,False,https://www.tesco.com/groceries/en-GB/products/257133731,https://digitalcontent.api.tesco.com/v2/media/ghs/efb149c4-308d-477e-876a-b91eb2b76b5c/cbe0d78d-fb8b-45dd-9609-080004758b5f_1967508793.jpeg?h=225&w=225,Food Cupboard,"Chocolate, Sweets, Mints & Chewing Gum"
270965130,Tesco Milk Bottles 75G,£0.75,£1.00/100g,,,False,,False,1.7,67,False,https://www.tesco.com/groceries/en-GB/products/270965130,https://digitalcontent.api.tesco.com/v2/media/ghs/600e5a83-b9e8-46ec-8d7e-b6ad1a9c777e/73aa2836-b5da-4142-8a72-8caec5e316f3_37655804.jpeg?h=225&w=225,Food Cupboard,"Chocolate, Sweets, Mints & Chewing Gum"
284181880,Tesco Raspberry Mushrooms 75G,£0.75,£1.00/100g,,,False,,False,4.1,32,False,https://www.tesco.com/groceries/en-GB/products/284181880,https://digitalcontent.api.tesco.com/v2/media/ghs/b308543e-2f27-4a03-9aa5-1537585cf325/5371b8e5-8840-459f-aac8-8d01ece2be45_202398983.jpeg?h=225&w=225,Food Cupboard,"Chocolate, Sweets, Mints & Chewing Gum"
303668380,Haribo Giant Strawbs Gone Mini 16G,£0.30,£1.88/100g,,,False,,False,,3,False,https://www.tesco.com/groceries/en-GB/products/303668380,https://digitalcontent.api.tesco.com/v2/media/ghs/866cfceb-7157-44cc-a342-64e5050c0459/0d2a57a4-18e3-4efe-9994-a6bf581a4f98_1802638730.jpeg?h=225&w=225,Food Cupboard,"Chocolate, Sweets, Mints & Chewing Gum"
256582494,Tesco Wine Gums Sweets 250G,£1.35,£0.54/100g,,,False,,False,3.1,74,False,https://www.tesco.com/groceries/en-GB/products/256582494,https://digitalcontent.api.tesco.com/v2/media/ghs/df5e43bb-eab9-4249-ac7c-597f172c8df8/c0eb9288-f47b-4e0e-aed1-078ac0ab292d_1093096524.jpeg?h=225&w=225,Food Cupboard,"Chocolate, Sweets, Mints & Chewing Gum"
265384146,Barratt Sherbet Fountain 25G,£0.35,£1.40/100g,,,False,,False,3.5,12,False,https://www.tesco.com/groceries/en-GB/products/265384146,https://digitalcontent.api.tesco.com/v2/media/ghs/33cf6d9d-1be2-4afb-870e-0aa5287532c1/d3911c43-ea94-4658-be6f-917d362d3706_710146579.jpeg?h=225&w=225,Food Cupboard,"Chocolate, Sweets, Mints & Chewing Gum"
312367365,Skinny Whip Toffee Bars 5X20g,£0.99,£0.99/100g,,,False,,False,3.6,10,False,https://www.tesco.com/groceries/en-GB/products/312367365,https://digitalcontent.api.tesco.com/v2/media/ghs/f704dc03-edb6-401d-ad81-f1704f61316f/edfa1285-a083-45af-8de6-b9f2334536b3_2088804540.jpeg?h=225&w=225,Food Cupboard,"Chocolate, Sweets, Mints & Chewing Gum"
265059450,Lindt Lindor White Chocolate Truffles Carton 200G,£7.50,£3.75/100g,,,False,,False,4.9,55,False,https://www.tesco.com/groceries/en-GB/products/265059450,https://digitalcontent.api.tesco.com/v2/media/ghs/4345d0f8-adfb-4177-83bc-39340f6c738c/903638fd-478f-49e6-8d25-479d76dff784_1667606311.jpeg?h=225&w=225,Food Cupboard,"Chocolate, Sweets, Mints & Chewing Gum"
259183944,Lindt Lindor Milk Chocolate Truffles Carton 337G,£12.00,£3.56/100g,£7.95 Save 1/3 Clubcard Price,(£2.36/100g),True,Offer valid for delivery from 06/03/2025 until 20/04/2025,False,4.8,153,False,https://www.tesco.com/groceries/en-GB/products/259183944,https://digitalcontent.api.tesco.com/v2/media/ghs/1938bf0c-9f0b-4359-bc0c-1aa94f15cc25/c07fd379-fa3f-4e3a-9b9e-97899831bf01_2070985274.jpeg?h=225&w=225,Food Cupboard,"Chocolate, Sweets, Mints & Chewing Gum"
255579074,Bendicks Bittermints Carton 200G,£5.50,£2.75/100g,,,False,,False,4.9,10,False,https://www.tesco.com/groceries/en-GB/products/255579074,https://digitalcontent.api.tesco.com/v2/media/ghs/952cc37e-b44b-46bd-8e58-04110fe41325/0733e72c-fad3-48ff-90ad-66e82afb9fe4_194201724.jpeg?h=225&w=225,Food Cupboard,"Chocolate, Sweets, Mints & Chewing Gum"
302302498,Thorntons Classic Collection 262G,£9.00,£3.44/100g,£6.50 Clubcard Price,(£2.48/100g),True,Offer valid for delivery from 08/02/2025 until 22/04/2025,False,3.9,13,False,https://www.tesco.com/groceries/en-GB/products/302302498,https://digitalcontent.api.tesco.com/v2/media/ghs/dec8ca25-87e9-4316-a28b-5a134169b0aa/b199cad5-f5d4-47b6-aa2d-05e75a2f451c_2015768753.jpeg?h=225&w=225,Food Cupboard,"Chocolate, Sweets, Mints & Chewing Gum"
309464997,Black Magic Dark Chocolate Box 348g,£7.00,£2.01/100g,,,False,,False,2.7,20,False,https://www.tesco.com/groceries/en-GB/products/309464997,https://digitalcontent.api.tesco.com/v2/media/ghs/692c6bf8-0cee-435f-bd96-5c498e75b833/934b0a9f-47b5-43d2-8c41-f320ff2b1235_1155459591.jpeg?h=225&w=225,Food Cupboard,"Chocolate, Sweets, Mints & Chewing Gum"
297061478,Famous Names Signature Collection 185G,£7.50,£4.05/100g,£6.25 Clubcard Price,(£3.38/100g),True,Offer valid for delivery from 26/02/2025 until 21/04/2025,False,4.5,38,False,https://www.tesco.com/groceries/en-GB/products/297061478,https://digitalcontent.api.tesco.com/v2/media/ghs/db7d8c85-0d88-4861-96ab-099465bb7645/d6e9fb54-f578-4714-9a2c-1e67631732dc_2057187861.jpeg?h=225&w=225,Food Cupboard,"Chocolate, Sweets, Mints & Chewing Gum"
314432360,Toblerone Milk Chocolate Truffles Gift Box 180g,£5.50,£3.06/100g,£4.25 Clubcard Price,(£2.36/100g),True,Offer valid for delivery from 23/01/2025 until 20/04/2025,False,4.6,105,False,https://www.tesco.com/groceries/en-GB/products/314432360,https://digitalcontent.api.tesco.com/v2/media/ghs/4050c887-ae7a-4c60-bba2-1aade18c69f0/50733e60-c3d9-4715-b43c-62e9a256707d_1666213270.jpeg?h=225&w=225,Food Cupboard,"Chocolate, Sweets, Mints & Chewing Gum"
251277783,Lindt Excellence Extra Creamy Milk Chocolate Bar 100G,£3.00,£3.00/100g,£2.50 Clubcard Price,(£2.50/100g),True,Offer valid for delivery from 26/03/2025 until 22/04/2025,False,4.7,55,False,https://www.tesco.com/groceries/en-GB/products/251277783,https://digitalcontent.api.tesco.com/v2/media/ghs/3a518773-3c50-4735-9490-05d5a6c91e18/75174cdd-aa21-4da0-9867-058e9f82cb3b_227550623.jpeg?h=225&w=225,Food Cupboard,"Chocolate, Sweets, Mints & Chewing Gum"
260670257,Lindt Excellence Dark Chocolate Bar - Mint Intense 100g,£3.00,£3.00/100g,£2.50 Clubcard Price,(£2.50/100g),True,Offer valid for delivery from 26/03/2025 until 22/04/2025,False,4.6,107,False,https://www.tesco.com/groceries/en-GB/products/260670257,https://digitalcontent.api.tesco.com/v2/media/ghs/70048772-a642-4f5d-8322-16cbb67b0af1/72fbd7e2-8044-453c-99f9-313411b1b648_302256512.jpeg?h=225&w=225,Food Cupboard,"Chocolate, Sweets, Mints & Chewing Gum"
303670290,Green & Black's Organic Milk Chocolate Bar 90g,£3.25,£3.61/100g,£2.50 Clubcard Price,(£2.78/100g),True,Offer valid for delivery from 26/03/2025 until 22/04/2025,False,4.5,8,False,https://www.tesco.com/groceries/en-GB/products/303670290,https://digitalcontent.api.tesco.com/v2/media/ghs/fb1faeca-1914-4564-ae76-3c7f6fb43f57/3d8a811a-5b9c-4e51-b152-9b7ecb9c0db6_1162832095.jpeg?h=225&w=225,Food Cupboard,"Chocolate, Sweets, Mints & Chewing Gum"
311268242,Cadbury Dairy Milk Caramel Chocolate Bar 180g,£2.65,£1.47/100g,,,False,,False,4.8,38,False,https://www.tesco.com/groceries/en-GB/products/311268242,https://digitalcontent.api.tesco.com/v2/media/ghs/1e881980-dbb8-46ae-af17-66f3007ca87f/f9753555-f773-4f3a-82be-fea16a9c33e3_471896953.jpeg?h=225&w=225,Food Cupboard,"Chocolate, Sweets, Mints & Chewing Gum"
282371451,Extra White Bubblemint Sugarfree Chewing Gum Bottle 46 Pieces,£2.39,£0.05/each,,,False,,False,,5,False,https://www.tesco.com/groceries/en-GB/products/282371451,https://digitalcontent.api.tesco.com/v2/media/ghs/65190999-4ce3-467a-a97c-2741c45cb57c/1a1babc7-97d5-49ff-a292-41fc7e7174d5_1913983756.jpeg?h=225&w=225,Food Cupboard,"Chocolate, Sweets, Mints & Chewing Gum"
297315916,Kit Kat Chunky Milk Chocolate Bar Multipack 32g 9 Pack,£3.00,£1.04/100g,,,False,,False,4.9,11,False,https://www.tesco.com/groceries/en-GB/products/297315916,https://digitalcontent.api.tesco.com/v2/media/ghs/64a031fe-13b0-45a8-bc0d-af511472c3f2/3f76ff62-b96f-4d93-86d5-0bf3188b583e_161204736.jpeg?h=225&w=225,Food Cupboard,"Chocolate, Sweets, Mints & Chewing Gum"
268370997,Lindt Lindor Milk Chocolate Bar 100G,£2.75,£2.75/100g,£2.25 Clubcard Price,(£2.25/100g),True,Offer valid for delivery from 26/03/2025 until 22/04/2025,False,4.9,56,False,https://www.tesco.com/groceries/en-GB/products/268370997,https://digitalcontent.api.tesco.com/v2/media/ghs/ecccb80c-9bb3-4240-af20-02642256cda0/72bed1c8-fb04-467f-af9c-54bdd653f8eb_1981481443.jpeg?h=225&w=225,Food Cupboard,"Chocolate, Sweets, Mints & Chewing Gum"
307161304,"Kinder Cards Cocoa and Milk Biscuit Wafers Multipack, 8x12.8g",£2.15,£2.10/100g,,,False,,False,4.6,49,False,https://www.tesco.com/groceries/en-GB/products/307161304,https://digitalcontent.api.tesco.com/v2/media/ghs/6172735e-b23a-45da-9ffb-18232f4d7024/bcba6ffc-55e0-4e7b-b457-dd0e0c2344a1_655878957.jpeg?h=225&w=225,Food Cupboard,"Chocolate, Sweets, Mints & Chewing Gum"
288953750,Polo Sugar Free Mint Tube Multipack 33.4g 4 Pack,£1.75,£1.31/100g,,,False,,False,4.8,6,False,https://www.tesco.com/groceries/en-GB/products/288953750,https://digitalcontent.api.tesco.com/v2/media/ghs/0149aa54-2e86-40ec-9ed6-36e886174d13/bf377416-e879-41f1-9b62-845b043f3c1d_2025501111.jpeg?h=225&w=225,Food Cupboard,"Chocolate, Sweets, Mints & Chewing Gum"
308833384,Smarties Milk Chocolate Sharing Bag 105g,£1.65,£1.57/100g,,,False,,False,,6,False,https://www.tesco.com/groceries/en-GB/products/308833384,https://digitalcontent.api.tesco.com/v2/media/ghs/f8fa8da5-9fc0-47da-8007-6dcb4a9e4cd5/8416658d-0799-458f-b302-59a3a4a5d821_969229924.jpeg?h=225&w=225,Food Cupboard,"Chocolate, Sweets, Mints & Chewing Gum"
307165467,Aero Peppermint Mint Chocolate Sharing Bar 90g,£1.50,£1.67/100g,,,False,,False,4.2,4,False,https://www.tesco.com/groceries/en-GB/products/307165467,https://digitalcontent.api.tesco.com/v2/media/ghs/1057491c-db07-4a0d-96a8-0b9fcd89abcf/f87f72cc-806d-45c1-af50-df0615a132e2_1514094427.jpeg?h=225&w=225,Food Cupboard,"Chocolate, Sweets, Mints & Chewing Gum"
275523317,Cadbury Dairy Milk Caramel Chocolate Bar 120g,£1.65,£1.38/100g,,,False,,False,,6,False,https://www.tesco.com/groceries/en-GB/products/275523317,https://digitalcontent.api.tesco.com/v2/media/ghs/fb921fc6-14c1-4654-a63d-7f7cc6588b0c/8627ccd0-5abb-449d-96e6-ae46ea27112c_353921159.jpeg?h=225&w=225,Food Cupboard,"Chocolate, Sweets, Mints & Chewing Gum"
308468129,Milkybar White Chocolate Giant Buttons Sharing Bag 94g,£1.40,£1.49/100g,£1.10 Clubcard Price,(£1.17/100g),True,Offer valid for delivery from 26/03/2025 until 22/04/2025,False,,1,False,https://www.tesco.com/groceries/en-GB/products/308468129,https://digitalcontent.api.tesco.com/v2/media/ghs/755baded-b22a-4608-892d-d5d890b46276/111256d8-677b-4f56-a3b6-1642c15da8b6_118354206.jpeg?h=225&w=225,Food Cupboard,"Chocolate, Sweets, Mints & Chewing Gum"
311427757,Swizzels Scrumptious Sweets 173G,£1.25,£0.72/100g,,,False,,False,4.6,5,False,https://www.tesco.com/groceries/en-GB/products/311427757,https://digitalcontent.api.tesco.com/v2/media/ghs/ef1c9523-3188-404e-87b5-182c21f0d281/02b303c3-6ef1-4e1d-a683-bdd7f3294c3a_1567280572.jpeg?h=225&w=225,Food Cupboard,"Chocolate, Sweets, Mints & Chewing Gum"
275523231,Cadbury Dairy Milk Wholenut Chocolate Bar 120g,£1.65,£1.38/100g,,,False,,False,4.3,6,False,https://www.tesco.com/groceries/en-GB/products/275523231,https://digitalcontent.api.tesco.com/v2/media/ghs/f0fdc9d4-794e-4c4d-918e-34cf7a291303/474a6a7b-312d-4767-9511-ab16bc14d32a_836885365.jpeg?h=225&w=225,Food Cupboard,"Chocolate, Sweets, Mints & Chewing Gum"
293597030,Cadbury Dairy Milk Chocolate Fruit & Nut Bar 110G,£1.65,£1.50/100g,,,False,,False,4.5,44,False,https://www.tesco.com/groceries/en-GB/products/293597030,https://digitalcontent.api.tesco.com/v2/media/ghs/e78945c9-8bc2-4e10-9f80-5fab08e33c0b/b6f68dfa-b88a-4832-a290-ed11331c61bc_1526398217.jpeg?h=225&w=225,Food Cupboard,"Chocolate, Sweets, Mints & Chewing Gum"
257214676,Barratts Dip Dabs 23G,£0.55,£2.39/100g,45p Clubcard Price,(£1.96/100g),True,Offer valid for delivery from 26/03/2025 until 22/04/2025,False,4.5,6,False,https://www.tesco.com/groceries/en-GB/products/257214676,https://digitalcontent.api.tesco.com/v2/media/ghs/7ef10615-dcc9-4cfb-8c45-e6ff995f5f47/eb4e8a8f-59f0-4869-a604-ab4318111167_1327052075.jpeg?h=225&w=225,Food Cupboard,"Chocolate, Sweets, Mints & Chewing Gum"
308491637,Haribo Fruitilicious Fruit Gums 150G,£1.25,£0.83/100g,£1.10 Clubcard Price,(£0.73/100g),True,Offer valid for delivery from 26/03/2025 until 22/04/2025,False,3.7,7,False,https://www.tesco.com/groceries/en-GB/products/308491637,https://digitalcontent.api.tesco.com/v2/media/ghs/5f31789d-7edf-420c-87d6-7649f270f67d/bf728ba2-498e-4cde-8432-aba1328e49be_1202667401.jpeg?h=225&w=225,Food Cupboard,"Chocolate, Sweets, Mints & Chewing Gum"
303861876,Maoam 8 Pack Bloxx Chewy Sweets 176G,£1.25,£0.71/100g,,,False,,False,,2,False,https://www.tesco.com/groceries/en-GB/products/303861876,https://digitalcontent.api.tesco.com/v2/media/ghs/25f64d87-bf04-47be-b8b3-244bd45f63e2/ed1b0958-dab8-4bc2-9731-199745c204cc_1467846417.jpeg?h=225&w=225,Food Cupboard,"Chocolate, Sweets, Mints & Chewing Gum"
311253357,Haribo Goldbears 175G,£1.25,£0.71/100g,,,False,,False,4.3,3,False,https://www.tesco.com/groceries/en-GB/products/311253357,https://digitalcontent.api.tesco.com/v2/media/ghs/5a2a7602-0e86-4220-9155-f2e6522ad468/bfea12ea-0632-40b3-a7e6-dec0d7e48f41_292630637.jpeg?h=225&w=225,Food Cupboard,"Chocolate, Sweets, Mints & Chewing Gum"
307733642,Haribo Jelly Babies Double Trouble 175G,£1.25,£0.71/100g,,,False,,False,2.3,19,False,https://www.tesco.com/groceries/en-GB/products/307733642,https://digitalcontent.api.tesco.com/v2/media/ghs/b73f08ca-32d0-4190-965c-601b8595ede3/8b96e67f-a4b2-47af-9f17-8b511786d74a_1910416358.jpeg?h=225&w=225,Food Cupboard,"Chocolate, Sweets, Mints & Chewing Gum"
255259088,Tesco Fizzy Multicoloured Belts 75g,£0.75,£1.00/100g,,,False,,False,4.1,17,False,https://www.tesco.com/groceries/en-GB/products/255259088,https://digitalcontent.api.tesco.com/v2/media/ghs/66cdeee9-d998-4fbd-8971-e59c04d67ea8/0864f06c-e5e9-4889-a813-cb4d6b245834_1715625507.jpeg?h=225&w=225,Food Cupboard,"Chocolate, Sweets, Mints & Chewing Gum"
255906264,Tesco Mini Jelly Beans 85G,£0.75,£0.88/100g,,,False,,False,3.8,20,False,https://www.tesco.com/groceries/en-GB/products/255906264,https://digitalcontent.api.tesco.com/v2/media/ghs/1f3adc76-b977-49da-a679-9a8ea74f826c/snapshotimagehandler_1291272405.jpeg?h=225&w=225,Food Cupboard,"Chocolate, Sweets, Mints & Chewing Gum"
303177119,Drumstick Chew Bar Bubblegum 18G,£0.20,£1.11/100g,,,False,,False,,1,False,https://www.tesco.com/groceries/en-GB/products/303177119,https://digitalcontent.api.tesco.com/v2/media/ghs/68125a74-8f3e-4a14-b7d1-97a4004ec8a0/6d886ad9-dc0c-4694-ac38-aedd22e5dd45_778875788.jpeg?h=225&w=225,Food Cupboard,"Chocolate, Sweets, Mints & Chewing Gum"
275341411,Cadbury Dairy Milk Freddo Chocolate Bar Single 18g,£0.30,£1.67/100g,,,False,,False,4.3,6,False,https://www.tesco.com/groceries/en-GB/products/275341411,https://digitalcontent.api.tesco.com/v2/media/ghs/0691e5e6-a9ee-40f9-b3b4-687340d59f1b/4c9bd53a-828f-439d-805c-582848707a0f_1506331104.jpeg?h=225&w=225,Food Cupboard,"Chocolate, Sweets, Mints & Chewing Gum"
306832307,Kit Kat Chunky White Bars Multipack 40g 4 Pack,£1.50,£0.94/100g,,,False,,False,4.8,6,False,https://www.tesco.com/groceries/en-GB/products/306832307,https://digitalcontent.api.tesco.com/v2/media/ghs/c398c9ef-5ec9-4767-b452-7e0f3e1b29e7/7048c7bb-8862-4af2-84e4-adbef0f1f65e_419975540.jpeg?h=225&w=225,Food Cupboard,"Chocolate, Sweets, Mints & Chewing Gum"
313838515,Chupa Chups Incredible Chew Soft Candy - Green Apple Flavour 45g,£0.80,£1.78/100g,,,False,,False,,,False,https://www.tesco.com/groceries/en-GB/products/313838515,https://digitalcontent.api.tesco.com/v2/media/ghs/8d6d5abb-b311-4f2f-87e0-9d804747e0c2/34f11bb5-0e2d-43e5-aa04-f9646c244b8b_1514103771.jpeg?h=225&w=225,Food Cupboard,"Chocolate, Sweets, Mints & Chewing Gum"
302314017,Tesco All Butter Fudge 125G,£1.35,£1.08/100g,,,False,,False,4.7,46,False,https://www.tesco.com/groceries/en-GB/products/302314017,https://digitalcontent.api.tesco.com/v2/media/ghs/95acf42d-6666-4390-b194-9d0f150c8a21/b3cbd6ca-e0e1-4eb2-a95f-57cf1206cf1c_1648024961.jpeg?h=225&w=225,Food Cupboard,"Chocolate, Sweets, Mints & Chewing Gum"
310139339,Lindt Lindor Double Chocolate Truffles 200G,£7.50,£3.75/100g,,,False,,False,4.3,12,False,https://www.tesco.com/groceries/en-GB/products/310139339,https://digitalcontent.api.tesco.com/v2/media/ghs/83d99fde-f393-4a97-adb1-ef5f9f04c0e9/83cb5bb6-f226-4dd9-a244-8e7b40668267_998015386.jpeg?h=225&w=225,Food Cupboard,"Chocolate, Sweets, Mints & Chewing Gum"
282279503,Lindt Lindor Chocolate Truffles - Strawberries & Cream 200g,£7.50,£3.75/100g,,,False,,False,4.8,168,False,https://www.tesco.com/groceries/en-GB/products/282279503,https://digitalcontent.api.tesco.com/v2/media/ghs/9e8f5f77-b22e-443c-8f82-f105107f4f4a/bbbaed76-7030-43e6-a764-16055b56430c_2035378628.jpeg?h=225&w=225,Food Cupboard,"Chocolate, Sweets, Mints & Chewing Gum"
311782519,Lily O'Brien's Desserts Collection 210G,£9.50,£4.52/100g,,,False,,False,4.8,61,False,https://www.tesco.com/groceries/en-GB/products/311782519,https://digitalcontent.api.tesco.com/v2/media/ghs/63e577ca-074a-4f5f-909f-5ad73bd2ee7e/f3b2d2be-aa87-40d4-882a-f65a87b3433e_734526838.jpeg?h=225&w=225,Food Cupboard,"Chocolate, Sweets, Mints & Chewing Gum"
293378860,Lindt Lindor Limited Edition 337G,£12.00,£3.56/100g,£7.95 Save 1/3 Clubcard Price,(£2.36/100g),True,Offer valid for delivery from 06/03/2025 until 20/04/2025,False,,5,False,https://www.tesco.com/groceries/en-GB/products/293378860,https://digitalcontent.api.tesco.com/v2/media/ghs/41ec3aba-b95b-4993-bc68-691e72b2bb23/a83e4fd2-1163-42e1-a513-ccb8437183a6_431060970.jpeg?h=225&w=225,Food Cupboard,"Chocolate, Sweets, Mints & Chewing Gum"
301638091,Maltesers Truffles Milk Chocolate Gift Box Chocolates 336g,£10.00,£2.98/100g,£7.50 Save 25% Clubcard Price,(£2.23/100g),True,Offer valid for delivery from 12/03/2025 until 22/04/2025,False,,2,False,https://www.tesco.com/groceries/en-GB/products/301638091,https://digitalcontent.api.tesco.com/v2/media/ghs/e5fbd164-f445-41b6-908f-91a793d791c3/4f801189-bd6f-4b3b-b0d5-a197930f6e81_260504664.jpeg?h=225&w=225,Food Cupboard,"Chocolate, Sweets, Mints & Chewing Gum"
301636951,Maltesers Truffles Milk Chocolate Gift Box Chocolates 200g,£6.50,£3.25/100g,£4.50 Clubcard Price,(£2.25/100g),True,Offer valid for delivery from 06/03/2025 until 22/04/2025,False,4.6,126,False,https://www.tesco.com/groceries/en-GB/products/301636951,https://digitalcontent.api.tesco.com/v2/media/ghs/af112cba-28e2-488c-95ee-3110f141d6db/ca5ca7f7-d7bd-428f-9cc3-f18e4a31d167_1349281931.jpeg?h=225&w=225,Food Cupboard,"Chocolate, Sweets, Mints & Chewing Gum"
293134284,Monty Bojangles Choccy Scoffy Truffles 135G,£4.00,£2.96/100g,,,False,,False,4.4,15,False,https://www.tesco.com/groceries/en-GB/products/293134284,https://digitalcontent.api.tesco.com/v2/media/ghs/a9af5a75-1ab1-4e8c-b20e-c71b6e7bcb87/a865c354-0fea-486f-bba3-f9c98b009c0f_243927525.jpeg?h=225&w=225,Food Cupboard,"Chocolate, Sweets, Mints & Chewing Gum"
308866264,Tony's Chocolonely Milk Chocolate Caramel Sea Salt 180G,£3.50,£1.94/100g,,,False,,False,4.2,12,False,https://www.tesco.com/groceries/en-GB/products/308866264,https://digitalcontent.api.tesco.com/v2/media/ghs/a0d590ee-4457-46a6-85e8-1a287cdaeca7/62d139c9-6f40-48fb-8766-412c9bd573c1_1665732947.jpeg?h=225&w=225,Food Cupboard,"Chocolate, Sweets, Mints & Chewing Gum"
268730128,Lindt Excellence Caramel With Touch Of Sea Salt 100G,£3.00,£3.00/100g,£2.50 Clubcard Price,(£2.50/100g),True,Offer valid for delivery from 26/03/2025 until 22/04/2025,False,4.7,116,False,https://www.tesco.com/groceries/en-GB/products/268730128,https://digitalcontent.api.tesco.com/v2/media/ghs/cbe937ed-e8c3-4e3d-9ff7-21e0b87f4e80/2af1bd12-b73b-4330-8b72-c7b09c8ca860_1219303549.jpeg?h=225&w=225,Food Cupboard,"Chocolate, Sweets, Mints & Chewing Gum"
303670353,Green & Black's Organic Ginger Dark Chocolate Bar 90g,£3.25,£3.61/100g,£2.50 Clubcard Price,(£2.78/100g),True,Offer valid for delivery from 26/03/2025 until 22/04/2025,False,4.2,11,False,https://www.tesco.com/groceries/en-GB/products/303670353,https://digitalcontent.api.tesco.com/v2/media/ghs/251346b7-a3f9-4b41-94d4-bcb3a9a08411/b3fcab77-5f30-4f98-9442-6ee7edcf7a11_1726444713.jpeg?h=225&w=225,Food Cupboard,"Chocolate, Sweets, Mints & Chewing Gum"
314104567,Extra Refreshers Strawberry Lemon Sugar Free Chewing Gum Bottle 30 Pieces 67G,£2.50,£3.73/100g,,,False,,False,,,False,https://www.tesco.com/groceries/en-GB/products/314104567,https://digitalcontent.api.tesco.com/v2/media/ghs/aa02e890-8d2d-4373-b3f4-f93aef5be2d8/470c446c-53c2-4159-b23c-e13016e9a572_717509660.jpeg?h=225&w=225,Food Cupboard,"Chocolate, Sweets, Mints & Chewing Gum"
309481164,Ferrero Rocher Original Milk Chocolate Bar 90G,£2.70,£3.00/100g,,,False,,False,3.1,24,False,https://www.tesco.com/groceries/en-GB/products/309481164,https://digitalcontent.api.tesco.com/v2/media/ghs/62118f08-45ad-4354-9583-c7df16ced276/d58bffce-ffac-49d0-b9e5-1164a6641595_1517390823.jpeg?h=225&w=225,Food Cupboard,"Chocolate, Sweets, Mints & Chewing Gum"
314955311,Mentos Pure Fresh Bubble Fresh Gum 35 Pieces 70G,£2.00,£2.86/100g,,,False,,False,4.5,13,False,https://www.tesco.com/groceries/en-GB/products/314955311,https://digitalcontent.api.tesco.com/v2/media/ghs/0d1f915b-ae29-4b7c-bd8c-909ecd15a7d3/0e779d27-c875-48a7-8642-7417a7860f76_803488005.jpeg?h=225&w=225,Food Cupboard,"Chocolate, Sweets, Mints & Chewing Gum"
314928488,Mentos Pure Fresh Spearmint Gum 35 Pieces 70G,£2.00,£2.86/100g,,,False,,False,4.9,34,False,https://www.tesco.com/groceries/en-GB/products/314928488,https://digitalcontent.api.tesco.com/v2/media/ghs/b4989d40-cde4-4de2-b9d9-26958850c861/970dbf75-7022-4a22-8c32-cf8b2da35ddf_225333948.jpeg?h=225&w=225,Food Cupboard,"Chocolate, Sweets, Mints & Chewing Gum"
297315939,Toffee Crisp Milk Chocolate Bar Multipack 31g 9 Pack,£3.00,£1.08/100g,,,False,,False,2.9,7,False,https://www.tesco.com/groceries/en-GB/products/297315939,https://digitalcontent.api.tesco.com/v2/media/ghs/d34678d2-d8bf-4182-804a-74f43b4ac199/6636b8df-93e0-4973-8c60-6f2686cc6118_120373531.jpeg?h=225&w=225,Food Cupboard,"Chocolate, Sweets, Mints & Chewing Gum"
314845303,Mentos Pure Fresh Gum - Cherry Flavour 68g,£2.00,£2.94/100g,,,False,,False,4.8,21,False,https://www.tesco.com/groceries/en-GB/products/314845303,https://digitalcontent.api.tesco.com/v2/media/ghs/27c01278-4ee4-4df1-bd41-879fd4534e24/8093f26e-44df-4812-a694-29f228b5c9a2_964380519.jpeg?h=225&w=225,Food Cupboard,"Chocolate, Sweets, Mints & Chewing Gum"
314948167,Mentos Pure Fresh Gum - Fresh Mint 70g,£2.00,£2.86/100g,,,False,,False,4.9,42,False,https://www.tesco.com/groceries/en-GB/products/314948167,https://digitalcontent.api.tesco.com/v2/media/ghs/c5f8f2e8-8d1d-4b84-9d68-552392558223/9253dc7e-ec2c-49a4-8053-40e209019374_1731910694.jpeg?h=225&w=225,Food Cupboard,"Chocolate, Sweets, Mints & Chewing Gum"
314949808,Mentos Pure Fresh Tropical Gum 35 Pieces 70G,£2.00,£2.86/100g,,,False,,False,4.9,27,False,https://www.tesco.com/groceries/en-GB/products/314949808,https://digitalcontent.api.tesco.com/v2/media/ghs/1f35fa23-3ae5-4399-82ec-2fe9a234bc95/10682ad5-271b-4b97-9274-16445d73144b_205603120.jpeg?h=225&w=225,Food Cupboard,"Chocolate, Sweets, Mints & Chewing Gum"
307743647,Mentos Mint Chewy Sweets 5 X 38G,£1.80,£0.95/100g,,,False,,False,4.8,4,False,https://www.tesco.com/groceries/en-GB/products/307743647,https://digitalcontent.api.tesco.com/v2/media/ghs/5d816098-2b67-4bbd-a3b4-19d97e166c51/5ebf067f-c8e7-4e7a-83b9-101ff8cc2de0_520719407.jpeg?h=225&w=225,Food Cupboard,"Chocolate, Sweets, Mints & Chewing Gum"
307165686,Aero Milk Chocolate Sharing Bar 90g,£1.50,£1.67/100g,,,False,,False,4.9,7,False,https://www.tesco.com/groceries/en-GB/products/307165686,https://digitalcontent.api.tesco.com/v2/media/ghs/f9340f43-553d-4e1c-97aa-b3f87ad2af7a/6a55e8d8-49a0-42ba-aaf0-214395f95d38_167792428.jpeg?h=225&w=225,Food Cupboard,"Chocolate, Sweets, Mints & Chewing Gum"
275248124,Cadbury Dairy Milk OREO Chocolate Bar 120g,£1.65,£1.38/100g,,,False,,False,,6,False,https://www.tesco.com/groceries/en-GB/products/275248124,https://digitalcontent.api.tesco.com/v2/media/ghs/ae2a1402-5987-422b-a995-29f5a56e6c88/2f9f5567-3520-477d-9da2-30f0e574bacc_259464160.jpeg?h=225&w=225,Food Cupboard,"Chocolate, Sweets, Mints & Chewing Gum"
255028099,Kinder Surprise Egg 3 X 20G,£2.70,£4.50/100g,£2.40 Clubcard Price,(£4.00/100g),True,Offer valid for delivery from 19/02/2025 until 21/04/2025,False,4.3,92,False,https://www.tesco.com/groceries/en-GB/products/255028099,https://digitalcontent.api.tesco.com/v2/media/ghs/656d43e4-704c-4a44-ad46-0a421d38590f/b8391c80-18c6-4126-8365-e2a6a98cec7e_1500151339.jpeg?h=225&w=225,Food Cupboard,"Chocolate, Sweets, Mints & Chewing Gum"
253273191,Chewits Strawberry Single 30G,£0.50,£1.67/100g,,,False,,False,4.7,3,False,https://www.tesco.com/groceries/en-GB/products/253273191,https://digitalcontent.api.tesco.com/v2/media/ghs/d914ad26-90eb-4e0e-81ce-bd45d0f374c5/bba671d2-ed35-4c58-b035-ef98bee97229_908316113.jpeg?h=225&w=225,Food Cupboard,"Chocolate, Sweets, Mints & Chewing Gum"
311780781,Swizzels Luscious Lollies 176G,£1.25,£0.71/100g,,,False,,False,,3,False,https://www.tesco.com/groceries/en-GB/products/311780781,https://digitalcontent.api.tesco.com/v2/media/ghs/70af6bbf-ae5f-494a-807e-c5d99b62c663/55d36113-6d99-4ee0-b197-121357be8a9d_1900146133.jpeg?h=225&w=225,Food Cupboard,"Chocolate, Sweets, Mints & Chewing Gum"
306692472,Rowntree's Randoms Juicers Sweets Sharing Bag 140g,£1.50,£1.07/100g,£1.10 Save 25% Clubcard Price,(£0.79/100g),True,Offer valid for delivery from 26/03/2025 until 22/04/2025,False,4.2,55,False,https://www.tesco.com/groceries/en-GB/products/306692472,https://digitalcontent.api.tesco.com/v2/media/ghs/0be8a1bb-73fb-4358-ac08-4137e205c4c6/10c68d80-f2de-4bc4-8674-4b31ed700a25_1338114617.jpeg?h=225&w=225,Food Cupboard,"Chocolate, Sweets, Mints & Chewing Gum"
310177719,Haribo Zingfest Fizzy Fruit Flavour 150G,£1.25,£0.83/100g,£1.10 Clubcard Price,(£0.73/100g),True,Offer valid for delivery from 26/03/2025 until 22/04/2025,False,4.5,4,False,https://www.tesco.com/groceries/en-GB/products/310177719,https://digitalcontent.api.tesco.com/v2/media/ghs/9a465338-671f-4f14-933d-2689a4f5a960/ade13dc1-3d4f-4877-9a25-ec54f985403b_1706757706.jpeg?h=225&w=225,Food Cupboard,"Chocolate, Sweets, Mints & Chewing Gum"
307354733,Fruit Flavour Candy Sticks With Temporary Tattoo 18G,£0.45,£2.50/100g,,,False,,False,,,False,https://www.tesco.com/groceries/en-GB/products/307354733,https://digitalcontent.api.tesco.com/v2/media/ghs/eace8108-3e8b-4f4a-b946-72eeaf2bd476/248ea429-fdd3-4547-a8e0-3a4ce7210521_915614512.jpeg?h=225&w=225,Food Cupboard,"Chocolate, Sweets, Mints & Chewing Gum"
311422895,Haribo Rainbow Strips 130G,£1.40,£1.08/100g,,,False,,False,,2,False,https://www.tesco.com/groceries/en-GB/products/311422895,https://digitalcontent.api.tesco.com/v2/media/ghs/537a25cc-bd25-44ff-92fe-f3d005aef7ee/257922a4-c621-4c8c-878a-cc87467b7aa4_1345261196.jpeg?h=225&w=225,Food Cupboard,"Chocolate, Sweets, Mints & Chewing Gum"
271950480,Tesco Dairy Fudge 175G,£1.35,£0.77/100g,,,False,,False,2.9,58,False,https://www.tesco.com/groceries/en-GB/products/271950480,https://digitalcontent.api.tesco.com/v2/media/ghs/ad2c4d1f-24e3-4ff9-a712-64a9b6da878a/a2976454-2744-4542-92f9-71df9907365a_1700492315.jpeg?h=225&w=225,Food Cupboard,"Chocolate, Sweets, Mints & Chewing Gum"
259141009,Chupa Chupa Melody Pops 15G,£0.40,£2.67/100g,,,False,,False,4.5,2,False,https://www.tesco.com/groceries/en-GB/products/259141009,https://digitalcontent.api.tesco.com/v2/media/ghs/dfbe9fb4-0eb0-4005-93ae-6764f3572058/abb8bfec-ba7f-4f19-9629-86c066467538_724083938.jpeg?h=225&w=225,Food Cupboard,"Chocolate, Sweets, Mints & Chewing Gum"
312582962,Haribo Funtasia 150G,£1.25,£0.83/100g,£1.10 Clubcard Price,(£0.73/100g),True,Offer valid for delivery from 26/03/2025 until 22/04/2025,False,,5,False,https://www.tesco.com/groceries/en-GB/products/312582962,https://digitalcontent.api.tesco.com/v2/media/ghs/421aa6ee-2d3e-4d8a-b953-c8aabaad9b87/ba1a1b08-2d46-41f9-8a66-e56f1583b6b3_1153329067.jpeg?h=225&w=225,Food Cupboard,"Chocolate, Sweets, Mints & Chewing Gum"
279906262,Tesco Fizzy Bubblegum Lances 75G,£0.75,£1.00/100g,,,False,,False,3.8,13,False,https://www.tesco.com/groceries/en-GB/products/279906262,https://digitalcontent.api.tesco.com/v2/media/ghs/632e8855-d2b3-47ff-81b9-ebf6f52bd800/de5afd5e-04f5-48ce-a26d-e2bd54201f5b_1647652094.jpeg?h=225&w=225,Food Cupboard,"Chocolate, Sweets, Mints & Chewing Gum"
306809929,Toblerone Orange Twist Milk Chocolate Bar 360g,£6.00,£1.67/100g,£4.20 Clubcard Price,(£1.17/100g),True,Offer valid for delivery from 01/02/2025 until 20/04/2025,False,3.6,17,False,https://www.tesco.com/groceries/en-GB/products/306809929,https://digitalcontent.api.tesco.com/v2/media/ghs/3adb0d24-8a0e-4215-b4cd-c20bbf9bdd9d/ea9e7b16-e4d5-4ed4-b9e2-762331d46f0b_141861442.jpeg?h=225&w=225,Food Cupboard,"Chocolate, Sweets, Mints & Chewing Gum"
252947317,Kinder Snack Bars 6 Pack 126G,£1.65,£1.31/100g,,,False,,False,4.8,49,False,https://www.tesco.com/groceries/en-GB/products/252947317,https://digitalcontent.api.tesco.com/v2/media/ghs/1b59c310-569d-4667-b131-474d92de49e7/5e8681aa-f752-4913-81b7-d53e86a56c2b_915327842.jpeg?h=225&w=225,Food Cupboard,"Chocolate, Sweets, Mints & Chewing Gum"
258761475,Lindt Lindor Filled Egg 28G,,,75p Clubcard Price,(£2.68/100g),True,Offer valid for delivery from 24/12/2024 until 12/05/2025,False,4.2,5,False,https://www.tesco.com/groceries/en-GB/products/258761475,https://digitalcontent.api.tesco.com/v2/media/ghs/c3f1561e-3c41-411d-9eaa-1d82de21f949/676fef30-3937-468f-ba61-95553faa0e96_491954061.jpeg?h=225&w=225,Food Cupboard,"Chocolate, Sweets, Mints & Chewing Gum"
271372236,Barratts Jumbo Soft Nougat 100G,£0.80,£0.80/100g,65p Clubcard Price,(£0.65/100g),True,Offer valid for delivery from 26/03/2025 until 22/04/2025,False,4.1,12,False,https://www.tesco.com/groceries/en-GB/products/271372236,https://digitalcontent.api.tesco.com/v2/media/ghs/933538c4-4443-4517-9f9e-03a19a3cd411/811f51ad-4b2b-48eb-895b-468f322f4594_1181411429.jpeg?h=225&w=225,Food Cupboard,"Chocolate, Sweets, Mints & Chewing Gum"
304411469,Lindt Lindor Assorted Chocolate Truffles 525G,£21.00,£4.00/100g,,,False,,False,,,False,https://www.tesco.com/groceries/en-GB/products/304411469,https://digitalcontent.api.tesco.com/v2/media/ghs/43adc376-24fc-44e5-83bc-550ea4591617/snapshotimagehandler_1620128473.jpeg?h=225&w=225,Food Cupboard,"Chocolate, Sweets, Mints & Chewing Gum"
259263458,Cadbury Milk Tray Chocolate Gift Box 530g,£8.50,£1.60/100g,,,False,,False,4.8,37,False,https://www.tesco.com/groceries/en-GB/products/259263458,https://digitalcontent.api.tesco.com/v2/media/ghs/54becf10-1913-49ad-878d-5eca9cb9f6ff/4db2ffe7-96e5-44bb-8630-1edb5b006f59_384149783.jpeg?h=225&w=225,Food Cupboard,"Chocolate, Sweets, Mints & Chewing Gum"
309182558,Ferrero Raffaello Coconut & Almond Pralines 230G,£6.55,£2.85/100g,,,False,,False,,5,False,https://www.tesco.com/groceries/en-GB/products/309182558,https://digitalcontent.api.tesco.com/v2/media/ghs/f609388b-bce0-4c12-b86c-4e738536442d/34d6ae59-85dd-4f41-b43c-c3f6e0641552_1111481869.jpeg?h=225&w=225,Food Cupboard,"Chocolate, Sweets, Mints & Chewing Gum"
256048880,Lindt Lindor Assorted Chocolate Truffles 337g,£12.00,£3.56/100g,£7.95 Save 1/3 Clubcard Price,(£2.36/100g),True,Offer valid for delivery from 06/03/2025 until 20/04/2025,False,4.8,165,False,https://www.tesco.com/groceries/en-GB/products/256048880,https://digitalcontent.api.tesco.com/v2/media/ghs/74e0a682-fe2c-4eac-8f2b-4fbebdccd9d2/65af8ff8-ab4f-4727-9a99-5b3e2d59c0ae_700753889.jpeg?h=225&w=225,Food Cupboard,"Chocolate, Sweets, Mints & Chewing Gum"
309200233,Ferrero Rocher Grand Milk Chocolate Gift 125G,£7.00,£5.60/100g,,,False,,False,1.6,7,False,https://www.tesco.com/groceries/en-GB/products/309200233,https://digitalcontent.api.tesco.com/v2/media/ghs/72427066-7945-4bbd-b47c-8e92e2a2b3fe/7d3ac150-93b0-4d59-a57c-d76798a316d1_1759848362.jpeg?h=225&w=225,Food Cupboard,"Chocolate, Sweets, Mints & Chewing Gum"
285131570,Green & Black's Organic Classic Collection Chocolate Gift 180g,£6.50,£3.61/100g,£5.75 Clubcard Price,(£3.19/100g),True,Offer valid for delivery from 23/01/2025 until 20/04/2025,False,,5,False,https://www.tesco.com/groceries/en-GB/products/285131570,https://digitalcontent.api.tesco.com/v2/media/ghs/8f65937a-a1a8-4aae-87b3-1ede74e37363/ba3d4a9b-fec3-4033-b414-b975c3e11f2e_836398514.jpeg?h=225&w=225,Food Cupboard,"Chocolate, Sweets, Mints & Chewing Gum"
258202216,Lindt Dark Chocolate With Hazelnut Bar 150G,£4.25,£2.83/100g,£3.60 Clubcard Price,(£2.40/100g),True,Offer valid for delivery from 26/03/2025 until 20/05/2025,False,4.2,23,False,https://www.tesco.com/groceries/en-GB/products/258202216,https://digitalcontent.api.tesco.com/v2/media/ghs/150e0167-adf6-4d89-a8c8-8a03f36e0994/a5749cae-aa70-40cc-9ea4-e28139bc9410_64633038.jpeg?h=225&w=225,Food Cupboard,"Chocolate, Sweets, Mints & Chewing Gum"
306955876,Kinder Bueno Chocolate Wafer Bars 10 X 43G,£6.30,£1.46/100g,,,False,,False,4.7,3,False,https://www.tesco.com/groceries/en-GB/products/306955876,https://digitalcontent.api.tesco.com/v2/media/ghs/ac730e9e-bee5-4a5a-aba2-9759048fc241/372d4396-bd28-4600-8bc9-7f23ef92ae6b_932735161.jpeg?h=225&w=225,Food Cupboard,"Chocolate, Sweets, Mints & Chewing Gum"
308838914,Tony's Chocolonely Milk Chocolate 180G,£3.50,£1.94/100g,,,False,,False,3.7,13,False,https://www.tesco.com/groceries/en-GB/products/308838914,https://digitalcontent.api.tesco.com/v2/media/ghs/27e99f0e-d058-4053-931d-07b8782efe1c/6534e838-2abd-4a82-a094-e7b2c5d9fabc_1222345994.jpeg?h=225&w=225,Food Cupboard,"Chocolate, Sweets, Mints & Chewing Gum"
311208280,Cadbury Dairy Milk Crunchie Bits Chocolate Bar 180g,£2.65,£1.47/100g,,,False,,False,4.6,33,False,https://www.tesco.com/groceries/en-GB/products/311208280,https://digitalcontent.api.tesco.com/v2/media/ghs/39f1309c-c422-46fd-b2cf-0adc6b0564c5/9d5d29b4-9a3e-4a26-bc47-91827ecd3f9b_461789205.jpeg?h=225&w=225,Food Cupboard,"Chocolate, Sweets, Mints & Chewing Gum"
296527189,Haribo Starmix Multi Pack 352G,£3.00,£0.85/100g,,,False,,False,4.2,4,False,https://www.tesco.com/groceries/en-GB/products/296527189,https://digitalcontent.api.tesco.com/v2/media/ghs/45ba2bbc-5c08-4afa-bdec-b5fe864ed49d/3370f80e-6d3a-4b74-a7b2-edc2cb47eb74_1493741398.jpeg?h=225&w=225,Food Cupboard,"Chocolate, Sweets, Mints & Chewing Gum"
276578694,Airwaves Menthol & Eucalyptus Chewing Gum Bottle 46 Pieces,£2.39,£3.73/100g,,,False,,False,4.2,4,False,https://www.tesco.com/groceries/en-GB/products/276578694,https://digitalcontent.api.tesco.com/v2/media/ghs/49c00c0f-c1e1-4536-ba28-61fe37eb2d80/5dbb0067-64e1-4ec9-a4e3-6e92996f3d20_193470511.jpeg?h=225&w=225,Food Cupboard,"Chocolate, Sweets, Mints & Chewing Gum"
276579024,Extra White Sugarfree Chewing Gum Bottle 46 Pieces,£2.39,£0.05/each,,,False,,False,3.7,3,False,https://www.tesco.com/groceries/en-GB/products/276579024,https://digitalcontent.api.tesco.com/v2/media/ghs/fde4dcd6-47e2-4267-975c-5a1c6c277433/bec4222e-06b8-4c05-a2ec-54c3f884c139_767331541.jpeg?h=225&w=225,Food Cupboard,"Chocolate, Sweets, Mints & Chewing Gum"
288953675,Polo Original Mint Tube Multipack 34g 4 Pack,£1.75,£1.29/100g,,,False,,False,3.4,5,False,https://www.tesco.com/groceries/en-GB/products/288953675,https://digitalcontent.api.tesco.com/v2/media/ghs/7250d862-e4dd-4177-99f9-c8170b630d8c/e9ac6ce8-e076-4ff5-a0ef-e3afac18af1f_1897155315.jpeg?h=225&w=225,Food Cupboard,"Chocolate, Sweets, Mints & Chewing Gum"
312089417,Maynards Bassetts Wine Gums Juicies Sweets Bag 130G,£1.35,£1.04/100g,,,False,,False,1.7,23,False,https://www.tesco.com/groceries/en-GB/products/312089417,https://digitalcontent.api.tesco.com/v2/media/ghs/f7dd897b-55b7-4d43-a80b-41582ee96c28/46e654c4-9cfd-41f8-8a79-dc132d46061e_1679831406.jpeg?h=225&w=225,Food Cupboard,"Chocolate, Sweets, Mints & Chewing Gum"
254070043,Tesco Liquorice 250G,£1.35,£0.54/100g,,,False,,False,3.5,50,False,https://www.tesco.com/groceries/en-GB/products/254070043,https://digitalcontent.api.tesco.com/v2/media/ghs/364ebe21-d8c3-447b-9045-9808353b8460/8ce4503a-f99b-4edf-8ec3-403dc496ed2c_816771295.jpeg?h=225&w=225,Food Cupboard,"Chocolate, Sweets, Mints & Chewing Gum"
255626324,Extra Peppermint Sugarfree Chewing Gum 10 Pieces,£0.85,£0.08/each,,,False,,False,,1,False,https://www.tesco.com/groceries/en-GB/products/255626324,https://digitalcontent.api.tesco.com/v2/media/ghs/2cc051e5-401c-49be-9c1b-2f16149bd51a/86bf8ae9-cb49-4016-b4d4-a00deba0d797_1886164926.jpeg?h=225&w=225,Food Cupboard,"Chocolate, Sweets, Mints & Chewing Gum"
271645732,Elizabeth Shaw Mint Collection 200G,£6.50,£3.25/100g,£3.25 Half Price Clubcard Price,(£1.63/100g),True,Offer valid for delivery from 05/04/2025 until 07/05/2025,False,,26,False,https://www.tesco.com/groceries/en-GB/products/271645732,https://digitalcontent.api.tesco.com/v2/media/ghs/c1cb5436-9535-4f67-87c3-5699b546083b/33832467-5e79-4ca5-8c32-1f652f0cc87d_1147622780.jpeg?h=225&w=225,Food Cupboard,"Chocolate, Sweets, Mints & Chewing Gum"
256385065,Chewits Xtreme Sour Apple Stick 31G,£0.50,£1.47/100g,,,False,,False,4.2,5,False,https://www.tesco.com/groceries/en-GB/products/256385065,https://digitalcontent.api.tesco.com/v2/media/ghs/4850e262-5bbc-4a47-80a6-005c6b1cd16c/c2daf9b9-bbbf-4ca6-99ea-be3600fb37ca_913188645.jpeg?h=225&w=225,Food Cupboard,"Chocolate, Sweets, Mints & Chewing Gum"
300227135,Munchies Milk Chocolate & Caramel Sharing Bag 104g,£1.30,£1.25/100g,£1.10 Clubcard Price,(£1.06/100g),True,Offer valid for delivery from 26/03/2025 until 22/04/2025,False,3.3,6,False,https://www.tesco.com/groceries/en-GB/products/300227135,https://digitalcontent.api.tesco.com/v2/media/ghs/d3f21b34-12eb-41dc-8753-a6a74abb5cb3/5949125e-06fc-4b00-a106-da44d3cd8a8c_2075105386.jpeg?h=225&w=225,Food Cupboard,"Chocolate, Sweets, Mints & Chewing Gum"
253747627,Airwaves Menthol & Eucalyptus Sugarfree Chewing Gum 10 Pieces,£0.85,£0.08/each,,,False,,False,,3,False,https://www.tesco.com/groceries/en-GB/products/253747627,https://digitalcontent.api.tesco.com/v2/media/ghs/25ce4219-6551-4b79-800b-bec46e0d9add/0351e4af-ac62-4e37-9a9e-525e510c6126_1041305969.jpeg?h=225&w=225,Food Cupboard,"Chocolate, Sweets, Mints & Chewing Gum"
311445194,Swizzels Curious Chews 171G,£1.25,£0.73/100g,,,False,,False,,2,False,https://www.tesco.com/groceries/en-GB/products/311445194,https://digitalcontent.api.tesco.com/v2/media/ghs/d22c4726-2ca4-4871-b6da-96b75530e3d9/58a19679-a3c4-4211-abe2-04e696b35722_610115381.jpeg?h=225&w=225,Food Cupboard,"Chocolate, Sweets, Mints & Chewing Gum"
308085560,Aero Bubbles Peppermint Mint Chocolate Sharing Bag 92g,£1.30,£1.41/100g,£1.10 Clubcard Price,(£1.20/100g),True,Offer valid for delivery from 26/03/2025 until 22/04/2025,False,4.8,38,False,https://www.tesco.com/groceries/en-GB/products/308085560,https://digitalcontent.api.tesco.com/v2/media/ghs/ea1c4d2e-3ef1-4ab5-8c46-49e667940048/84745de6-c45f-421c-8369-4dfb834a7117_599231127.jpeg?h=225&w=225,Food Cupboard,"Chocolate, Sweets, Mints & Chewing Gum"
310691110,Haribo Twin Snakes Fruit Flavour Gum 175G,£1.25,£0.71/100g,,,False,,False,,2,False,https://www.tesco.com/groceries/en-GB/products/310691110,https://digitalcontent.api.tesco.com/v2/media/ghs/f56f8495-9fde-4daa-96c4-5704739c83eb/9ab626a1-67ed-4d21-91f1-8fd38c1698c3_1515039858.jpeg?h=225&w=225,Food Cupboard,"Chocolate, Sweets, Mints & Chewing Gum"
311258922,Skittles Chewies Vegan Sweets Fruit Pouch Bag 137g,£1.10,£0.80/100g,,,False,,False,4.6,5,False,https://www.tesco.com/groceries/en-GB/products/311258922,https://digitalcontent.api.tesco.com/v2/media/ghs/97481f5f-cc32-456d-9a65-28b21e606160/7641d27f-f479-426f-9642-22e9a8d217a4_24129912.jpeg?h=225&w=225,Food Cupboard,"Chocolate, Sweets, Mints & Chewing Gum"
267673940,Tesco Chocolate Limes 200G,£1.35,£0.68/100g,,,False,,False,3.3,64,False,https://www.tesco.com/groceries/en-GB/products/267673940,https://digitalcontent.api.tesco.com/v2/media/ghs/d9669970-3866-42a0-aa04-11bc4273a87a/f4639734-70e2-4061-94c1-cc2f3b7956e1_1103291069.jpeg?h=225&w=225,Food Cupboard,"Chocolate, Sweets, Mints & Chewing Gum"
307749330,Barratt Mini Flumps 150G,£1.60,£1.07/100g,£1.00 Clubcard Price,(£0.67/100g),True,Offer valid for delivery from 26/03/2025 until 22/04/2025,False,4.7,3,False,https://www.tesco.com/groceries/en-GB/products/307749330,https://digitalcontent.api.tesco.com/v2/media/ghs/fd7b9f26-5903-49bd-be0f-7acf2c8141b5/6ff401a8-6109-432e-bfeb-757220ca5dc0_569652528.jpeg?h=225&w=225,Food Cupboard,"Chocolate, Sweets, Mints & Chewing Gum"
302317059,Tesco Salted Caramel Fudge 125G,£1.35,£1.08/100g,,,False,,False,4.3,25,False,https://www.tesco.com/groceries/en-GB/products/302317059,https://digitalcontent.api.tesco.com/v2/media/ghs/142a7a3d-6a86-4d48-88ef-5ccc86b82126/fed46b7f-ca34-465f-b84d-fe9eec1b9f31_1132359661.jpeg?h=225&w=225,Food Cupboard,"Chocolate, Sweets, Mints & Chewing Gum"
300794960,Tesco Whole Nut Milk Chocolate 200g,£2.30,£1.15/100g,,,False,,False,4.4,56,False,https://www.tesco.com/groceries/en-GB/products/300794960,https://digitalcontent.api.tesco.com/v2/media/ghs/61e9b693-e528-4ff7-84df-100f7f593f28/5a1efbb2-55b2-4411-add7-853eefd671d8_1254052985.jpeg?h=225&w=225,Food Cupboard,"Chocolate, Sweets, Mints & Chewing Gum"
258195592,Guylian Seashells 500G Box,£14.00,£2.80/100g,,,False,,False,,1,False,https://www.tesco.com/groceries/en-GB/products/258195592,https://digitalcontent.api.tesco.com/v2/media/ghs/ac67d543-6d1e-4831-a9b2-feca24f1342c/f8da7215-3ac5-485f-8655-8482c7828133_466993090.jpeg?h=225&w=225,Food Cupboard,"Chocolate, Sweets, Mints & Chewing Gum"
306503513,Grenade Carb Killa Protein Bar - Chocolate Chip Salted Caramel 60g,£2.90,£4.83/100g,,,False,,False,,,False,https://www.tesco.com/groceries/en-GB/products/306503513,https://digitalcontent.api.tesco.com/v2/media/ghs/8e024335-799b-452f-be34-8c15c002a119/9c5f39ec-9773-4a54-b9e8-1563cc0c4dd9_1635235734.jpeg?h=225&w=225,Food Cupboard,"Chocolate, Sweets, Mints & Chewing Gum"
309206394,Thorntons Continental Chocolate Collection 131G,£7.45,£5.69/100g,,,False,,False,,,False,https://www.tesco.com/groceries/en-GB/products/309206394,https://digitalcontent.api.tesco.com/v2/media/ghs/1159dd29-260b-44b3-9492-3896851448de/d2e3f67f-b81a-4379-85f0-72574f332161_835460304.jpeg?h=225&w=225,Food Cupboard,"Chocolate, Sweets, Mints & Chewing Gum"
251827980,Ferrero Rocher Boxed Chocolates 375G,£12.00,£3.20/100g,,,False,,False,,,False,https://www.tesco.com/groceries/en-GB/products/251827980,https://digitalcontent.api.tesco.com/v2/media/ghs/d89f841c-3a2e-4cbe-9942-ff931f21c0d0/2d4f7802-31b0-436c-b793-bd0ccb82bc31_249838910.jpeg?h=225&w=225,Food Cupboard,"Chocolate, Sweets, Mints & Chewing Gum"
293134163,Monty Bojangles Selection Of Cocoa Truffles 135G,£4.00,£2.96/100g,,,False,,False,4.3,6,False,https://www.tesco.com/groceries/en-GB/products/293134163,https://digitalcontent.api.tesco.com/v2/media/ghs/553fb56a-74c9-49ac-a7ca-5336e5771f77/8ae2f19c-fd3e-469c-bbe2-291b42b5314d_680840303.jpeg?h=225&w=225,Food Cupboard,"Chocolate, Sweets, Mints & Chewing Gum"
260391028,Hubba Bubba Snappy Strawberry Bubblegum Mega Long Tape 56g,£1.85,£3.30/100g,,,False,,False,,,False,https://www.tesco.com/groceries/en-GB/products/260391028,https://digitalcontent.api.tesco.com/v2/media/ghs/aabef105-ee87-4c95-ac02-0548de9ff053/45e3e778-b65b-47ad-8e3f-51cca7499517_1566400525.jpeg?h=225&w=225,Food Cupboard,"Chocolate, Sweets, Mints & Chewing Gum"
308497889,Haribo Share The Happy Fizzy & Fruit Gums 352G,£3.00,£0.85/100g,,,False,,False,,,False,https://www.tesco.com/groceries/en-GB/products/308497889,https://digitalcontent.api.tesco.com/v2/media/ghs/57b71467-8e40-4204-9cac-14d659796745/9de661be-cf0e-4775-a93c-3c6cbfd5477c_1258493495.jpeg?h=225&w=225,Food Cupboard,"Chocolate, Sweets, Mints & Chewing Gum"
308490229,Maoam Maomixx 350G,£3.00,£0.86/100g,,,False,,False,,1,False,https://www.tesco.com/groceries/en-GB/products/308490229,https://digitalcontent.api.tesco.com/v2/media/ghs/2cfe2f6e-5502-4274-95ab-d65cc1fd516d/6a58262d-482c-4797-85a8-1f52a77c3f53_332903086.jpeg?h=225&w=225,Food Cupboard,"Chocolate, Sweets, Mints & Chewing Gum"
311937960,Candy Kittens Gourmet Sweets - Wild Strawberry 140g,£2.50,£1.79/100g,,,False,,False,,5,False,https://www.tesco.com/groceries/en-GB/products/311937960,https://digitalcontent.api.tesco.com/v2/media/ghs/cfaf6fce-89cb-46cc-8d64-af20df9337a9/13e41475-0c09-406e-8f04-ddfce0d9e481_1378046349.jpeg?h=225&w=225,Food Cupboard,"Chocolate, Sweets, Mints & Chewing Gum"
296527402,Haribo Starmix 400G,£2.75,£0.69/100g,,,False,,False,3.4,10,False,https://www.tesco.com/groceries/en-GB/products/296527402,https://digitalcontent.api.tesco.com/v2/media/ghs/b5896ffe-ce16-4e00-a203-91f4c20740cc/599fdb22-8fbe-4dec-913a-ca0ddb0ebd4a_1136078421.jpeg?h=225&w=225,Food Cupboard,"Chocolate, Sweets, Mints & Chewing Gum"
309753603,Cadbury Wispa Gold Chocolate Bar 4 Pack Multipack 153.2g,£2.00,£1.30/100g,,,False,,False,4.8,62,False,https://www.tesco.com/groceries/en-GB/products/309753603,https://digitalcontent.api.tesco.com/v2/media/ghs/7a8fc4e5-7adb-4bf8-8b76-7f9f2a2f743e/7e3f19c3-4a31-4cf1-ad5c-6d3e747152eb_1075426123.jpeg?h=225&w=225,Food Cupboard,"Chocolate, Sweets, Mints & Chewing Gum"
301210752,Reese's Peanut Butter Cup 5 Pack 77G,£1.85,£2.40/100g,,,False,,False,4.8,205,False,https://www.tesco.com/groceries/en-GB/products/301210752,https://digitalcontent.api.tesco.com/v2/media/ghs/86c5715b-d755-454d-a2b8-a45111197987/72d4de8b-de66-4d42-81dd-cc9830d630f8_813783989.jpeg?h=225&w=225,Food Cupboard,"Chocolate, Sweets, Mints & Chewing Gum"
314602067,Kinder Surprise Natoons Chocolate Egg 20g,£1.10,£5.50/100g,,,False,,False,,,False,https://www.tesco.com/groceries/en-GB/products/314602067,https://digitalcontent.api.tesco.com/v2/media/ghs/50a20741-3eb3-4576-b17c-f53c36f43e7b/7417a2a1-7693-437a-8da3-cb3c8b67e9bf_1536000681.jpeg?h=225&w=225,Food Cupboard,"Chocolate, Sweets, Mints & Chewing Gum"
305963418,Reese's Peanut Butter Cups Minis Unwrapped 90G,£1.85,£2.06/100g,,,False,,False,4.7,202,False,https://www.tesco.com/groceries/en-GB/products/305963418,https://digitalcontent.api.tesco.com/v2/media/ghs/53dfba2e-3367-4f5a-9f32-d752931e698b/5510ba13-661e-425c-bb78-db52c4b1468d_1888148872.jpeg?h=225&w=225,Food Cupboard,"Chocolate, Sweets, Mints & Chewing Gum"
259907026,Extra Spearmint Sugarfree Chewing Gum 10 Pieces,£0.85,£0.08/each,,,False,,False,,3,False,https://www.tesco.com/groceries/en-GB/products/259907026,https://digitalcontent.api.tesco.com/v2/media/ghs/93755f60-d7a5-40d8-999b-22489f37e311/989f334b-a664-4069-b4c9-3cbe67ae6abc_1439599249.jpeg?h=225&w=225,Food Cupboard,"Chocolate, Sweets, Mints & Chewing Gum"
277491120,Extra White Bubblemint Sugarfree Chewing Gum 10 Pieces,£0.85,£0.08/each,,,False,,False,,1,False,https://www.tesco.com/groceries/en-GB/products/277491120,https://digitalcontent.api.tesco.com/v2/media/ghs/8690e062-13d2-4d98-a92a-b62503b14526/bb619d7b-1245-476e-ad11-21b1d7d2cc58_1268832737.jpeg?h=225&w=225,Food Cupboard,"Chocolate, Sweets, Mints & Chewing Gum"
251890252,Extra Cool Breeze Sugarfree Chewing Gum 10 Pieces,£0.85,£0.08/each,,,False,,False,,1,False,https://www.tesco.com/groceries/en-GB/products/251890252,https://digitalcontent.api.tesco.com/v2/media/ghs/38c25c7c-6560-4fd0-a73b-2398dce29b1e/13bb254e-ba6d-456e-9938-1391f73a49d2_262079475.jpeg?h=225&w=225,Food Cupboard,"Chocolate, Sweets, Mints & Chewing Gum"
271493749,Extra Strawberry Sugarfree Chewing Gum 10 Pieces,£0.85,£0.08/each,,,False,,False,,,False,https://www.tesco.com/groceries/en-GB/products/271493749,https://digitalcontent.api.tesco.com/v2/media/ghs/4f63c2eb-dd8a-4b0f-b5ed-d0f84d292d04/6d63f741-4e33-4a4a-8b08-fcfe5cb69c14_1254026529.jpeg?h=225&w=225,Food Cupboard,"Chocolate, Sweets, Mints & Chewing Gum"
279934913,Galaxy Cookie Crumble & Milk Chocoalte Bar 114g,£1.85,£1.62/100g,,,False,,False,,1,False,https://www.tesco.com/groceries/en-GB/products/279934913,https://digitalcontent.api.tesco.com/v2/media/ghs/44071554-2d19-429f-85b0-ef30b1f2ce08/1228b07a-3565-4beb-9161-af0947d8a80d_1986667713.jpeg?h=225&w=225,Food Cupboard,"Chocolate, Sweets, Mints & Chewing Gum"
293216003,Maoam Pinballs Stick Pack 32G,£0.50,£1.56/100g,,,False,,False,,1,False,https://www.tesco.com/groceries/en-GB/products/293216003,https://digitalcontent.api.tesco.com/v2/media/ghs/3f3e1eef-6629-4d75-b333-224277e79156/562cc63d-0188-49dc-b81c-cbea7752372e_612145510.jpeg?h=225&w=225,Food Cupboard,"Chocolate, Sweets, Mints & Chewing Gum"
314599127,Milliways Super Natural Gum Watermelon 19g,£1.10,£5.79/100g,£1.00 Clubcard Price,(£5.26/100g),True,Offer valid for delivery from 26/03/2025 until 22/04/2025,False,,7,False,https://www.tesco.com/groceries/en-GB/products/314599127,https://digitalcontent.api.tesco.com/v2/media/ghs/0b824e34-6595-4a18-bc32-f99b01e64858/3a9706eb-6304-4817-9290-50e3b64136cb_1715484104.jpeg?h=225&w=225,Food Cupboard,"Chocolate, Sweets, Mints & Chewing Gum"
314585322,Milliways Super Natural Gum Peppermint 19g,£1.10,£5.79/100g,£1.00 Clubcard Price,(£5.26/100g),True,Offer valid for delivery from 26/03/2025 until 22/04/2025,False,,5,False,https://www.tesco.com/groceries/en-GB/products/314585322,https://digitalcontent.api.tesco.com/v2/media/ghs/2028e3c5-6922-47d6-9d05-de0e7af83454/e1efe7a2-7276-4d50-bce2-3e50e8ff6d7d_572634099.jpeg?h=225&w=225,Food Cupboard,"Chocolate, Sweets, Mints & Chewing Gum"
314328138,Milliways Super Natural Gum Mighty Mint 19g,£1.10,£5.79/100g,£1.00 Clubcard Price,(£5.26/100g),True,Offer valid for delivery from 26/03/2025 until 22/04/2025,False,4.3,6,False,https://www.tesco.com/groceries/en-GB/products/314328138,https://digitalcontent.api.tesco.com/v2/media/ghs/33bac3fa-a1a5-46e2-97cf-32ba5217b699/d00e9d99-132f-4362-83a2-e0599a0c55c2_304580648.jpeg?h=225&w=225,Food Cupboard,"Chocolate, Sweets, Mints & Chewing Gum"
256111534,Pez Fruit Mix Candy 6 Pack 51G,£1.10,£2.16/100g,,,False,,False,,1,False,https://www.tesco.com/groceries/en-GB/products/256111534,https://digitalcontent.api.tesco.com/v2/media/ghs/11b88187-5d2c-4517-a257-882960d37bb7/4118cfce-d5da-4a43-a495-42a748844cb9_1545523936.jpeg?h=225&w=225,Food Cupboard,"Chocolate, Sweets, Mints & Chewing Gum"
259298175,Kinder Surprise Egg 20G,£1.10,£5.50/100g,,,False,,False,4.3,91,False,https://www.tesco.com/groceries/en-GB/products/259298175,https://digitalcontent.api.tesco.com/v2/media/ghs/a4f8925a-1bb4-47d0-b0d1-c87c683498d5/d565bde1-d191-49dc-9a10-7893abb59fdf_460220074.jpeg?h=225&w=225,Food Cupboard,"Chocolate, Sweets, Mints & Chewing Gum"
311445712,Gummi Zone Mega Pizza Sweet 7Slces 90G,£1.15,£1.28/100g,,,False,,False,,1,False,https://www.tesco.com/groceries/en-GB/products/311445712,https://digitalcontent.api.tesco.com/v2/media/ghs/b0db736e-c2f6-44c6-b4e0-36b8abba2cad/2cd6ea80-bf8b-469d-bddc-c89e22b090ac_445591007.jpeg?h=225&w=225,Food Cupboard,"Chocolate, Sweets, Mints & Chewing Gum"
293368721,Toblerone White Chocolate Bar 360g,£6.00,£1.67/100g,£4.20 Clubcard Price,(£1.17/100g),True,Offer valid for delivery from 01/02/2025 until 20/04/2025,False,4.5,6,False,https://www.tesco.com/groceries/en-GB/products/293368721,https://digitalcontent.api.tesco.com/v2/media/ghs/4dcb2e5e-8586-4816-b3e1-88dd2fefa547/e4233091-f2f6-4459-9eec-03fff273da6c_1375498071.jpeg?h=225&w=225,Food Cupboard,"Chocolate, Sweets, Mints & Chewing Gum"
314098294,Swizzels Rainbow Drops 70g,£0.60,£0.86/100g,,,False,,False,,2,False,https://www.tesco.com/groceries/en-GB/products/314098294,https://digitalcontent.api.tesco.com/v2/media/ghs/2adada82-e46e-4d83-b63b-68f46569bb80/d21e868b-b877-442c-a5fb-eee0799b7c06_1567791893.jpeg?h=225&w=225,Food Cupboard,"Chocolate, Sweets, Mints & Chewing Gum"
300794983,Tesco Fruit & Nut Milk Chocolate 200G,£2.30,£1.15/100g,,,False,,False,4.1,56,False,https://www.tesco.com/groceries/en-GB/products/300794983,https://digitalcontent.api.tesco.com/v2/media/ghs/7fbdfd5e-fde3-4063-84b9-5860a37e45dd/822fb7af-9bd5-4c2c-a353-aeb3e0c48564_457149531.jpeg?h=225&w=225,Food Cupboard,"Chocolate, Sweets, Mints & Chewing Gum"
259914311,Kinder Snack Bar 21G,£0.35,£1.67/100g,,,False,,False,,,False,https://www.tesco.com/groceries/en-GB/products/259914311,https://digitalcontent.api.tesco.com/v2/media/ghs/75147a30-a983-4f37-88b5-e6550de26b5f/1ed0ec26-f996-4bc3-9b7b-d64806aaff80_1146081874.jpeg?h=225&w=225,Food Cupboard,"Chocolate, Sweets, Mints & Chewing Gum"
266779794,Kellogg's Fruit Winders - Strawberry 17g,£0.45,£2.65/100g,,,False,,False,2.5,2,False,https://www.tesco.com/groceries/en-GB/products/266779794,https://digitalcontent.api.tesco.com/v2/media/ghs/c24bd625-5cda-4bb0-927a-509e61c17dce/2728ec82-cd33-4345-92f3-510565f19d21_1549183913.jpeg?h=225&w=225,Food Cupboard,"Chocolate, Sweets, Mints & Chewing Gum"
305053948,Lindt Master Chocolatier Collection 320G,£16.00,£5.00/100g,,,False,,False,4.6,56,False,https://www.tesco.com/groceries/en-GB/products/305053948,https://digitalcontent.api.tesco.com/v2/media/ghs/37b07abd-fca6-4d9f-94e7-caa83e22e952/a4e91c3e-8ea8-487a-ab8a-94ff04f4bdee_1708029058.jpeg?h=225&w=225,Food Cupboard,"Chocolate, Sweets, Mints & Chewing Gum"
302318589,Lindt Lindor Milk & White Chocolate Box 200G,£7.50,£3.75/100g,,,False,,False,3.7,3,False,https://www.tesco.com/groceries/en-GB/products/302318589,https://digitalcontent.api.tesco.com/v2/media/ghs/50010401-e1a3-4a15-8185-1df3d689a9ee/c678c997-0a53-4903-8a29-e31152b43a89_1270596277.jpeg?h=225&w=225,Food Cupboard,"Chocolate, Sweets, Mints & Chewing Gum"
309191904,Thorntons Continental Collection Gift Wrapped 264G,£11.50,£4.36/100g,,,False,,False,,,False,https://www.tesco.com/groceries/en-GB/products/309191904,https://digitalcontent.api.tesco.com/v2/media/ghs/2004b3a3-43c2-4291-afdd-667ca749ebfc/9085d656-3c57-4bb9-9458-be3d151592bb_1403842069.jpeg?h=225&w=225,Food Cupboard,"Chocolate, Sweets, Mints & Chewing Gum"
306945652,Nutella B-Ready Chocolate Wafers 15 X 22G,£5.35,£1.62/100g,,,False,,False,,2,False,https://www.tesco.com/groceries/en-GB/products/306945652,https://digitalcontent.api.tesco.com/v2/media/ghs/7b164271-265f-488a-9243-15ac69753172/fa6650c0-9f6f-477d-ac54-c99fb1d3d54b_1851203487.jpeg?h=225&w=225,Food Cupboard,"Chocolate, Sweets, Mints & Chewing Gum"
258202199,Lindt Hazelnut Milk Chocolate Bar 150G,£4.25,£2.83/100g,£3.60 Clubcard Price,(£2.40/100g),True,Offer valid for delivery from 26/03/2025 until 20/05/2025,False,4.9,61,False,https://www.tesco.com/groceries/en-GB/products/258202199,https://digitalcontent.api.tesco.com/v2/media/ghs/1076cc70-027e-4463-be0b-c0ad60a320bb/6beba5b6-f970-4076-be29-2e8bd9290795_1608407503.jpeg?h=225&w=225,Food Cupboard,"Chocolate, Sweets, Mints & Chewing Gum"
303183169,Grenade Carb Killa Protein Bar - White Chocolate Salted Peanut 60g,£2.90,£4.83/100g,,,False,,False,,1,False,https://www.tesco.com/groceries/en-GB/products/303183169,https://digitalcontent.api.tesco.com/v2/media/ghs/9fdaf232-6a50-45e4-9827-5be9286605bd/1c020d63-839a-416c-8d80-62a08620f160_1527698617.jpeg?h=225&w=225,Food Cupboard,"Chocolate, Sweets, Mints & Chewing Gum"
293437818,Tesco Finest Belgian Chocolate Selection 200G,£6.10,£3.05/100g,,,False,,False,3.2,21,False,https://www.tesco.com/groceries/en-GB/products/293437818,https://digitalcontent.api.tesco.com/v2/media/ghs/4ffc50ea-af92-437e-9451-eb4265f51775/20b11a7b-ec16-4e4a-8276-d4b084a66af5_1101489549.jpeg?h=225&w=225,Food Cupboard,"Chocolate, Sweets, Mints & Chewing Gum"
310174930,Lindt Classic Recipe Vegan Smooth Chocolate 100G,£3.75,£3.75/100g,£3.20 Clubcard Price,(£3.20/100g),True,Offer valid for delivery from 26/03/2025 until 20/05/2025,False,4.4,54,False,https://www.tesco.com/groceries/en-GB/products/310174930,https://digitalcontent.api.tesco.com/v2/media/ghs/ca8b3e67-3dd3-47ce-a7ac-4641c2261fed/bac4fafa-af51-4686-88be-f33eff666d1a_1208863425.jpeg?h=225&w=225,Food Cupboard,"Chocolate, Sweets, Mints & Chewing Gum"
308079602,Extra Refreshers Tropical Chewing Gum Bottle 30 Pieces,£2.50,£3.73/100g,,,False,,False,4.3,63,False,https://www.tesco.com/groceries/en-GB/products/308079602,https://digitalcontent.api.tesco.com/v2/media/ghs/277fcb02-4f9c-4fac-922f-e2de54f3a58f/4bc0721f-1f72-47d6-9908-bda18c2a0b3a_485980610.jpeg?h=225&w=225,Food Cupboard,"Chocolate, Sweets, Mints & Chewing Gum"
311254483,Cadbury Caramilk Golden Caramel Chocolate Bar 160g,£2.65,£1.66/100g,,,False,,False,4.3,42,False,https://www.tesco.com/groceries/en-GB/products/311254483,https://digitalcontent.api.tesco.com/v2/media/ghs/12ea1ec6-9203-4249-bfa9-8fde66b38850/0cf3f222-deac-4475-8c55-cd9733185506_831254990.jpeg?h=225&w=225,Food Cupboard,"Chocolate, Sweets, Mints & Chewing Gum"
293193754,Squashies Drumstick Minis 280G,£2.55,£0.91/100g,,,False,,False,,,False,https://www.tesco.com/groceries/en-GB/products/293193754,https://digitalcontent.api.tesco.com/v2/media/ghs/3063a688-e434-436b-a5a4-9324beca8a4d/4e4759e9-5835-46ff-a5b0-76de3189fdd0_1678241492.jpeg?h=225&w=225,Food Cupboard,"Chocolate, Sweets, Mints & Chewing Gum"
309482163,Ferrero Rocher Hazelnut Dark 55% Chocolate Bar 90G,£2.70,£3.00/100g,,,False,,False,3.9,10,False,https://www.tesco.com/groceries/en-GB/products/309482163,https://digitalcontent.api.tesco.com/v2/media/ghs/0fc38d74-74d4-4125-8dc9-cc04f4bcd646/e868d200-f814-49cf-a4fc-563abbb8e126_1242977239.jpeg?h=225&w=225,Food Cupboard,"Chocolate, Sweets, Mints & Chewing Gum"
290738900,Warheads Sour Chewy Cubes Assorted Flavours 113G,£2.35,£2.08/100g,,,False,,False,,2,False,https://www.tesco.com/groceries/en-GB/products/290738900,https://digitalcontent.api.tesco.com/v2/media/ghs/b61e026e-4701-4ace-91b0-4dc8cca92300/b809f655-722d-4d3e-af45-b2f2872f6ddc_2111503454.jpeg?h=225&w=225,Food Cupboard,"Chocolate, Sweets, Mints & Chewing Gum"
313954792,Gummi Zone Fast Food Mix 172G,£2.20,£1.28/100g,,,False,,False,,,False,https://www.tesco.com/groceries/en-GB/products/313954792,https://digitalcontent.api.tesco.com/v2/media/ghs/c13a360a-a908-4354-a247-ad9519082466/04384e33-df5e-456c-ba4e-59f764e5ead7_1064169082.jpeg?h=225&w=225,Food Cupboard,"Chocolate, Sweets, Mints & Chewing Gum"
314098674,Hi-Chew Exotic Fruit Mix Chewy Sweets 100G,£2.10,£2.10/100g,,,False,,False,,1,False,https://www.tesco.com/groceries/en-GB/products/314098674,https://digitalcontent.api.tesco.com/v2/media/ghs/4816fc96-36a0-4617-b291-cd74b1df5c08/ba21e821-7315-4c72-90d2-55b629c8e097_1265332463.jpeg?h=225&w=225,Food Cupboard,"Chocolate, Sweets, Mints & Chewing Gum"
296527304,Haribo Tangfastics 400G,£2.75,£0.69/100g,,,False,,False,4.6,8,False,https://www.tesco.com/groceries/en-GB/products/296527304,https://digitalcontent.api.tesco.com/v2/media/ghs/74cb991f-ae57-410c-b896-3a17c105c87d/760a4567-e696-4e48-a0f6-9e96e3a45ab9_1136265289.jpeg?h=225&w=225,Food Cupboard,"Chocolate, Sweets, Mints & Chewing Gum"
287508992,Pimlico Vegetarian Fizzy Fruit Flavoured Jelly Sweets 450G,£2.50,£0.56/100g,,,False,,False,,3,False,https://www.tesco.com/groceries/en-GB/products/287508992,https://digitalcontent.api.tesco.com/v2/media/ghs/7aa10617-0fb9-48ef-9e4d-2876c4a0b0ec/f16725f3-0815-4545-bb6c-ec04bce68206_1694769044.jpeg?h=225&w=225,Food Cupboard,"Chocolate, Sweets, Mints & Chewing Gum"
311435062,Dubble Bubble Mini Gumball Machine 40G,£1.45,£3.62/100g,,,False,,False,,3,False,https://www.tesco.com/groceries/en-GB/products/311435062,https://digitalcontent.api.tesco.com/v2/media/ghs/6a57438f-8dc6-42ca-9b41-d3b2d158cf59/80161fa1-5a57-49a9-b196-fe53f96df4b5_623068196.jpeg?h=225&w=225,Food Cupboard,"Chocolate, Sweets, Mints & Chewing Gum"
273599057,Airwaves Blackcurrant Gum 10 Pieces,£0.85,£6.07/100g,,,False,,False,4.5,2,False,https://www.tesco.com/groceries/en-GB/products/273599057,https://digitalcontent.api.tesco.com/v2/media/ghs/e3802ad5-e6c4-4d9f-aebd-a6d560ca2639/7d17aa60-43a2-4357-b0c8-7d30d0393850_530408306.jpeg?h=225&w=225,Food Cupboard,"Chocolate, Sweets, Mints & Chewing Gum"
314098417,Wrigley's Extra Sugar Free Watermelon Gum 10 Pieces 14G,£0.85,£6.07/100g,,,False,,False,,1,False,https://www.tesco.com/groceries/en-GB/products/314098417,https://digitalcontent.api.tesco.com/v2/media/ghs/8ab3de46-55c8-4af9-b468-44ec771b357c/3b24251b-dde1-49c4-b297-3697ac7bda53_595412295.jpeg?h=225&w=225,Food Cupboard,"Chocolate, Sweets, Mints & Chewing Gum"
268044802,Extra Ice Peppermint Sugarfree Chewing Gum 10 Pieces,£0.85,£6.07/100g,,,False,,False,,,False,https://www.tesco.com/groceries/en-GB/products/268044802,https://digitalcontent.api.tesco.com/v2/media/ghs/4c94a6f4-f490-4b8d-8fdd-5416475d3e1f/2b1a2d61-1710-43bf-99f2-62414bc04f4a_1677715041.jpeg?h=225&w=225,Food Cupboard,"Chocolate, Sweets, Mints & Chewing Gum"
310658623,Extra Blueberry Flavour Sugarfree Chewing Gum 10 Pieces,£0.85,£6.07/100g,,,False,,False,3.5,2,False,https://www.tesco.com/groceries/en-GB/products/310658623,https://digitalcontent.api.tesco.com/v2/media/ghs/8efd752b-195f-4152-8232-2c46acc16b4c/dcda4f67-9594-45fe-825e-6299a28083a1_1315395838.jpeg?h=225&w=225,Food Cupboard,"Chocolate, Sweets, Mints & Chewing Gum"
308482533,Haribo Sour Sparks 175G,£1.25,£0.71/100g,,,False,,False,,4,False,https://www.tesco.com/groceries/en-GB/products/308482533,https://digitalcontent.api.tesco.com/v2/media/ghs/a281e6cd-7d00-4ab9-b41e-369eb23093d4/79db5cbf-d35b-4b32-a658-eea97864f22f_1506932004.jpeg?h=225&w=225,Food Cupboard,"Chocolate, Sweets, Mints & Chewing Gum"
311214652,Skittles Squishy Cloudz Chewy Sweets Fruit Flavoured 94g,£1.25,£1.33/100g,,,False,,False,2.6,5,False,https://www.tesco.com/groceries/en-GB/products/311214652,https://digitalcontent.api.tesco.com/v2/media/ghs/2c04b785-9ea0-45b1-9c2a-2a089380981a/df29adb5-1837-4dcc-b9a3-cdd553ef6c6b_197757088.jpeg?h=225&w=225,Food Cupboard,"Chocolate, Sweets, Mints & Chewing Gum"
308099941,Extra Refreshers Tropical Sugarfree Chewing Gum Handy Box 7 pieces,£0.65,£4.17/100g,,,False,,False,,1,False,https://www.tesco.com/groceries/en-GB/products/308099941,https://digitalcontent.api.tesco.com/v2/media/ghs/22badd4c-4ec5-4a36-81db-a4ea5cc59d3e/d6ef8380-1ddc-46b8-ab58-53862de97705_453059969.jpeg?h=225&w=225,Food Cupboard,"Chocolate, Sweets, Mints & Chewing Gum"
314105609,Extra Refreshers Strawberry Lemon Flavoured Gum 7 Pack 15.6G,£0.65,£4.17/100g,,,False,,False,,1,False,https://www.tesco.com/groceries/en-GB/products/314105609,https://digitalcontent.api.tesco.com/v2/media/ghs/99bb9063-a7e5-406d-9833-2024acbb7620/4cd5eedb-f717-4827-a490-35152cd6b27e_462189861.jpeg?h=225&w=225,Food Cupboard,"Chocolate, Sweets, Mints & Chewing Gum"
297061490,"Tesco Collection Milk, Dark & White Chocolate 360G",£4.50,£1.25/100g,,,False,,False,4.2,35,False,https://www.tesco.com/groceries/en-GB/products/297061490,https://digitalcontent.api.tesco.com/v2/media/ghs/bac52465-f9a2-4375-a3d1-32f54c73ea21/54c02d13-cc6b-4151-90b7-a88ef7822562_1573306073.jpeg?h=225&w=225,Food Cupboard,"Chocolate, Sweets, Mints & Chewing Gum"
302290176,Thorntons Classic Collection Milk White Dark Chocolate 262G,£9.50,£3.63/100g,£7.50 Clubcard Price,(£2.86/100g),True,Offer valid for delivery from 08/02/2025 until 22/04/2025,False,,1,False,https://www.tesco.com/groceries/en-GB/products/302290176,https://digitalcontent.api.tesco.com/v2/media/ghs/88de4589-6454-4274-aedd-41b69deb1414/35dd8fc9-b579-4bd6-845b-ca16e4876910_496186536.jpeg?h=225&w=225,Food Cupboard,"Chocolate, Sweets, Mints & Chewing Gum"
309474271,Grenade Protein Bar - Fudged Up Fudge 60g,£2.90,£4.83/100g,,,False,,False,,,False,https://www.tesco.com/groceries/en-GB/products/309474271,https://digitalcontent.api.tesco.com/v2/media/ghs/19f626b3-1759-41f7-89c9-cd2321dcf076/a7bf7538-4548-41e2-9b31-d02964bfcdd7_1541891120.jpeg?h=225&w=225,Food Cupboard,"Chocolate, Sweets, Mints & Chewing Gum"
302081913,Grenade Carb Killa High Protein Bar - Birthday Cake 60g,£2.90,£4.83/100g,,,False,,False,,3,False,https://www.tesco.com/groceries/en-GB/products/302081913,https://digitalcontent.api.tesco.com/v2/media/ghs/2df5792e-d9a3-42c5-b0e6-2a8eb20695fd/3cdd7a52-2e69-4431-97de-b0adbbbbecef_1266926556.jpeg?h=225&w=225,Food Cupboard,"Chocolate, Sweets, Mints & Chewing Gum"
310697697,Extra Refreshers Bubblemint Chewing Gum Bottle 30 Pieces,£2.50,£3.73/100g,,,False,,False,3.5,2,False,https://www.tesco.com/groceries/en-GB/products/310697697,https://digitalcontent.api.tesco.com/v2/media/ghs/c80f3ddc-89a9-4a66-81f4-d9be2b9a2b77/28de9830-5c1c-4c3e-8f01-8583fdf14236_1460791686.jpeg?h=225&w=225,Food Cupboard,"Chocolate, Sweets, Mints & Chewing Gum"
303668368,Haribo Fruitilicious Multipack 320g,£3.00,£0.94/100g,,,False,,False,,3,False,https://www.tesco.com/groceries/en-GB/products/303668368,https://digitalcontent.api.tesco.com/v2/media/ghs/2145249c-df6e-4793-b2c0-1fbca05e2e43/d1593701-55dd-4afb-999b-033a0d5e2c52_1701786852.jpeg?h=225&w=225,Food Cupboard,"Chocolate, Sweets, Mints & Chewing Gum"
254891298,Toblerone Milk Chocolate Bar 200g,£4.00,£2.00/100g,£3.50 Clubcard Price,(£1.75/100g),True,Offer valid for delivery from 23/01/2025 until 20/04/2025,False,4.8,4,False,https://www.tesco.com/groceries/en-GB/products/254891298,https://digitalcontent.api.tesco.com/v2/media/ghs/69ff9e7c-ce23-407c-a38d-4764ac7ddf2b/89b42464-4e6f-483d-a82d-e689e72ba18e_1807334199.jpeg?h=225&w=225,Food Cupboard,"Chocolate, Sweets, Mints & Chewing Gum"
282223276,Pimlico Halal Galactic Mix 450G,£2.50,£0.56/100g,,,False,,False,4.3,3,False,https://www.tesco.com/groceries/en-GB/products/282223276,https://digitalcontent.api.tesco.com/v2/media/ghs/5d9ac0ff-895f-43eb-b742-0039f01bbe17/071b0fea-4590-4182-b1c1-93a9058caaca_362223063.jpeg?h=225&w=225,Food Cupboard,"Chocolate, Sweets, Mints & Chewing Gum"
310166335,Hershey's Cookies 'N' Creme White Chocolate 90g,£1.65,£1.83/100g,,,False,,False,4.5,2,False,https://www.tesco.com/groceries/en-GB/products/310166335,https://digitalcontent.api.tesco.com/v2/media/ghs/98cd57c2-599e-4773-9ea3-a04e7ce8bbb9/d74dc224-558c-4d29-8927-58da96ec409a_1535430651.jpeg?h=225&w=225,Food Cupboard,"Chocolate, Sweets, Mints & Chewing Gum"
307353059,Mentos Fruit Che Wy Sweets 5 X 38 G,£1.80,£0.95/100g,,,False,,False,4.8,14,False,https://www.tesco.com/groceries/en-GB/products/307353059,https://digitalcontent.api.tesco.com/v2/media/ghs/fab9f445-a496-4083-879e-8d47250ce906/eb357e64-49cc-41d0-9909-f2f6e9464011_530503132.jpeg?h=225&w=225,Food Cupboard,"Chocolate, Sweets, Mints & Chewing Gum"
307346927,Mentos Spearmint 5 Pack 190G,£1.80,£0.95/100g,,,False,,False,,1,False,https://www.tesco.com/groceries/en-GB/products/307346927,https://digitalcontent.api.tesco.com/v2/media/ghs/f528edb6-3fa0-4a35-be67-452ee1411f04/9dbda14f-357d-4241-bb78-e8586bae6013_2025429573.jpeg?h=225&w=225,Food Cupboard,"Chocolate, Sweets, Mints & Chewing Gum"
309494108,Mallow & Marsh Milk Chocolate Over Vanilla Mallows 100g,£2.50,£2.50/100g,£1.95 Clubcard Price,(£1.95/100g),True,Offer valid for delivery from 26/03/2025 until 22/04/2025,False,,6,False,https://www.tesco.com/groceries/en-GB/products/309494108,https://digitalcontent.api.tesco.com/v2/media/ghs/710875a4-2ea6-44f6-a75b-431ba56d916c/b9299001-7fdb-4f95-b91f-0df262ef4338_334831112.jpeg?h=225&w=225,Food Cupboard,"Chocolate, Sweets, Mints & Chewing Gum"
311275325,Pez Fruit Flavour Candy With Dispenser 2 X 8.5G,£1.60,£9.41/100g,,,False,,False,,1,False,https://www.tesco.com/groceries/en-GB/products/311275325,https://digitalcontent.api.tesco.com/v2/media/ghs/e308c8c7-fce0-4163-945a-50dda003883b/a5e347bd-71aa-4b9e-8409-08d51cbd5a6d_1781779082.jpeg?h=225&w=225,Food Cupboard,"Chocolate, Sweets, Mints & Chewing Gum"
259789297,Tic Tac Fresh Mint 49G,£1.60,£3.26/100g,,,False,,False,4.5,2,False,https://www.tesco.com/groceries/en-GB/products/259789297,https://digitalcontent.api.tesco.com/v2/media/ghs/a4d7ee70-5737-4352-b476-c378049a53fa/c563016c-4bcb-458e-9c66-8c9887dfdf3c_1413255968.jpeg?h=225&w=225,Food Cupboard,"Chocolate, Sweets, Mints & Chewing Gum"
308103868,Tesco Free From Chocolate Coated Honeycomb 119G,£2.50,£2.10/100g,,,False,,False,3.8,23,False,https://www.tesco.com/groceries/en-GB/products/308103868,https://digitalcontent.api.tesco.com/v2/media/ghs/33802156-a7a1-4070-a4fe-9e2f6dd684dc/d7d9d0df-9740-48f9-bf57-231f3b7d29c8_1456035582.jpeg?h=225&w=225,Food Cupboard,"Chocolate, Sweets, Mints & Chewing Gum"
306926519,Lutti Bubblizz Jelly Bottle Bag 100g,£1.25,£1.25/100g,,,False,,False,4.3,6,False,https://www.tesco.com/groceries/en-GB/products/306926519,https://digitalcontent.api.tesco.com/v2/media/ghs/110b552b-53f2-4fa1-91f3-121d4092700a/245b40eb-2b60-4309-98e0-79ff5522272e_1008859282.jpeg?h=225&w=225,Food Cupboard,"Chocolate, Sweets, Mints & Chewing Gum"
268044497,Extra White Sugarfree Chewing Gum 10 Pieces,£0.85,£0.08/each,,,False,,False,,,False,https://www.tesco.com/groceries/en-GB/products/268044497,https://digitalcontent.api.tesco.com/v2/media/ghs/85a68ee3-8c30-4f84-aa63-036f3d44e8f1/05045219-b2c2-413d-b92e-69dd2f7362a4_80585857.jpeg?h=225&w=225,Food Cupboard,"Chocolate, Sweets, Mints & Chewing Gum"
306499004,Galaxy Minstrels Chocolate Treat Bag 80G,£1.55,£1.94/100g,,,False,,False,,,False,https://www.tesco.com/groceries/en-GB/products/306499004,https://digitalcontent.api.tesco.com/v2/media/ghs/2c18dfde-021e-449f-90ee-af84475c65b4/89393e54-dfde-46df-9dbf-df81c95564c6_1134332709.jpeg?h=225&w=225,Food Cupboard,"Chocolate, Sweets, Mints & Chewing Gum"
310142790,Extra Apple Flavour Sugarfree Chewing Gum 10 Pieces,£0.85,£6.07/100g,,,False,,False,,2,False,https://www.tesco.com/groceries/en-GB/products/310142790,https://digitalcontent.api.tesco.com/v2/media/ghs/67b91034-b182-4e45-ae6a-2e0545c5bada/93f31530-5ffa-4da5-a1f4-07a2fc1f507c_1457033834.jpeg?h=225&w=225,Food Cupboard,"Chocolate, Sweets, Mints & Chewing Gum"
266459332,Character Surprise Egg 10G,£0.90,£9.00/100g,,,False,,False,3.4,5,False,https://www.tesco.com/groceries/en-GB/products/266459332,https://digitalcontent.api.tesco.com/v2/media/ghs/243ddc54-4060-4df7-a4a3-ff10a3f4d2d5/e316742f-6555-4460-a172-bcb046e21b4f_1351097660.jpeg?h=225&w=225,Food Cupboard,"Chocolate, Sweets, Mints & Chewing Gum"
311956758,Candy Realms Candy Watches & Necklaces Fruit Flavour Sweets 102g,£1.00,£0.98/100g,,,False,,False,,2,False,https://www.tesco.com/groceries/en-GB/products/311956758,https://digitalcontent.api.tesco.com/v2/media/ghs/cc0df18c-8d36-492e-a8e2-6846b8cbbecb/e4b52f86-bfa7-40a3-92dc-4c16e303d150_1800575510.jpeg?h=225&w=225,Food Cupboard,"Chocolate, Sweets, Mints & Chewing Gum"
305946641,Extra Refreshers Bubblemint Sugarfree Chewing Gum Handy Box 7 pieces,£0.65,£4.17/100g,,,False,,False,,1,False,https://www.tesco.com/groceries/en-GB/products/305946641,https://digitalcontent.api.tesco.com/v2/media/ghs/44694c5a-2bc2-41bc-b058-a778198457f9/178251c9-0208-4391-9f50-89cf04feb990_1717922220.jpeg?h=225&w=225,Food Cupboard,"Chocolate, Sweets, Mints & Chewing Gum"
311445983,Bip Dino Friends Pop Ups Lollipop Strawberry 10G,£1.15,£11.50/100g,,,False,,False,,,False,https://www.tesco.com/groceries/en-GB/products/311445983,https://digitalcontent.api.tesco.com/v2/media/ghs/be10aeac-d6b1-4964-aa3a-d8cdfa7c1cff/5fb8ff69-8b60-4fa6-9f88-e21301552b43_1137849277.jpeg?h=225&w=225,Food Cupboard,"Chocolate, Sweets, Mints & Chewing Gum"
320681389,Firetree 40% Cocoa Milk Chocolate Thins 150g,£15.00,£10.00/100g,,,False,,False,,,False,https://www.tesco.com/groceries/en-GB/products/320681389,https://digitalcontent.api.tesco.com/v2/media/ghs/3d5f2148-f7cc-4e87-9953-3501885c1321/ee0058db-1849-48e6-8f71-1f1beefa1470_1036674896.jpeg?h=225&w=225,Food Cupboard,"Chocolate, Sweets, Mints & Chewing Gum"
314696853,Lindt Swiss Luxury Selection Assorted Chocolate Box 193G,£11.00,£5.70/100g,,,False,,False,,,False,https://www.tesco.com/groceries/en-GB/products/314696853,https://digitalcontent.api.tesco.com/v2/media/ghs/5afc24f9-b2d9-49cb-a34b-913a66521769/72d47a92-a251-4349-9e24-2277d0136ab9_1208411241.jpeg?h=225&w=225,Food Cupboard,"Chocolate, Sweets, Mints & Chewing Gum"
321128013,Firetree Rich Volcanic Chocolate 175g,£15.00,£8.57/100g,,,False,,False,,,False,https://www.tesco.com/groceries/en-GB/products/321128013,https://digitalcontent.api.tesco.com/v2/media/ghs/11cc7947-6277-4825-a872-aae5e20ff9d9/741e6a39-7120-4a89-823a-0863817aeb3d_1645213953.jpeg?h=225&w=225,Food Cupboard,"Chocolate, Sweets, Mints & Chewing Gum"
317187627,Lindt Lindor Dark Mint Chocolate Truffles 200g,£7.50,£3.75/100g,,,False,,False,4.5,2,False,https://www.tesco.com/groceries/en-GB/products/317187627,https://digitalcontent.api.tesco.com/v2/media/ghs/56255701-c74d-4033-bfc8-dbb040f7799a/47a7d71a-f499-4bf7-a027-cdc2c4938ddf_1068354683.jpeg?h=225&w=225,Food Cupboard,"Chocolate, Sweets, Mints & Chewing Gum"
274809696,Ferrero Collection T32 359G,£13.50,£3.76/100g,,,False,,False,,,False,https://www.tesco.com/groceries/en-GB/products/274809696,https://digitalcontent.api.tesco.com/v2/media/ghs/dde64ad6-df52-4157-8dce-5fb5e86eccde/b86b7070-5a97-41d1-ac83-293fd8c20018_2103003338.jpeg?h=225&w=225,Food Cupboard,"Chocolate, Sweets, Mints & Chewing Gum"
321055012,Firetree 73% Philippines Dark Chocolate Thins 150g,£15.00,£10.00/100g,,,False,,False,,1,False,https://www.tesco.com/groceries/en-GB/products/321055012,https://digitalcontent.api.tesco.com/v2/media/ghs/141382ac-ed62-445b-b4d0-307853e3279e/8efb4b20-ed10-42b0-bf90-78d5d7f016cb_1942618334.jpeg?h=225&w=225,Food Cupboard,"Chocolate, Sweets, Mints & Chewing Gum"
311669620,Lindt Lindor Milk Chocolate Heart 200G,£9.00,£4.50/100g,,,False,,False,,,False,https://www.tesco.com/groceries/en-GB/products/311669620,https://digitalcontent.api.tesco.com/v2/media/ghs/73176c09-d356-4a3e-bef7-825774c93dd4/26089b36-ee1b-488c-8efa-da3fbc471be3_1570591982.jpeg?h=225&w=225,Food Cupboard,"Chocolate, Sweets, Mints & Chewing Gum"
315389772,Ferrero Raffaello 80g,£4.25,£5.31/100g,,,False,,False,,,False,https://www.tesco.com/groceries/en-GB/products/315389772,https://digitalcontent.api.tesco.com/v2/media/ghs/0a09968e-80b1-48e7-8acf-55dde1780fc7/27743782-bec5-46bd-be06-1bcb4bc27b4d_880505213.jpeg?h=225&w=225,Food Cupboard,"Chocolate, Sweets, Mints & Chewing Gum"
315856939,Lindt Lindor Extra Dark Chocolate Truffles - 70% Cacao 200g,£7.50,£3.75/100g,,,False,,False,,9,False,https://www.tesco.com/groceries/en-GB/products/315856939,https://digitalcontent.api.tesco.com/v2/media/ghs/0705c111-ecfb-40d6-81b6-d0bf5f4f1cc3/16a804e6-8fb6-4d9a-9d24-b752a527e788_1496469778.jpeg?h=225&w=225,Food Cupboard,"Chocolate, Sweets, Mints & Chewing Gum"
315390625,Thorntons Classic 150g,£6.50,£4.33/100g,,,False,,False,,,False,https://www.tesco.com/groceries/en-GB/products/315390625,https://digitalcontent.api.tesco.com/v2/media/ghs/45a106e4-5f92-44ce-9b2e-13f60ac811cc/a29dc1db-ec01-460b-84b7-105fba325cb8_561395014.jpeg?h=225&w=225,Food Cupboard,"Chocolate, Sweets, Mints & Chewing Gum"
315373145,Lindt Lindor Assorted Chocolate Truffles 337g Card Bay,£12.00,£3.56/100g,£7.95 Save 1/3 Clubcard Price,(£2.36/100g),True,Offer valid for delivery from 06/03/2025 until 20/04/2025,False,,,False,https://www.tesco.com/groceries/en-GB/products/315373145,https://digitalcontent.api.tesco.com/v2/media/ghs-mktg/b0b04216-fa73-466d-a9d7-c9fcfa1ce9b3/no-image.jpeg,Food Cupboard,"Chocolate, Sweets, Mints & Chewing Gum"
267203841,Ferrero Collection Boxed Chocolates 15 Pieces 172g,£7.00,£4.07/100g,,,False,,False,,1,False,https://www.tesco.com/groceries/en-GB/products/267203841,https://digitalcontent.api.tesco.com/v2/media/ghs/9f5e9e11-b35c-4a8e-9984-88a1e86c0ac4/afafd1cc-55a8-49e6-8fbc-6162cede7251_2013520872.jpeg?h=225&w=225,Food Cupboard,"Chocolate, Sweets, Mints & Chewing Gum"
278557727,Tesco Finest Salted Caramel Truffles 140G,£5.00,£3.57/100g,,,False,,False,4.1,7,False,https://www.tesco.com/groceries/en-GB/products/278557727,https://digitalcontent.api.tesco.com/v2/media/ghs/9f9cf36b-6cd6-4a6d-a99f-1f637f16b87d/eb5eeeea-e531-4578-b8d7-a4284bdc5b2f_731591497.jpeg?h=225&w=225,Food Cupboard,"Chocolate, Sweets, Mints & Chewing Gum"
291317411,Kinder Joy Egg 20G,£1.50,£7.50/100g,£1.20 Clubcard Price,(£6.00/100g),True,Offer valid for delivery from 28/12/2024 until 16/05/2025,False,,1,False,https://www.tesco.com/groceries/en-GB/products/291317411,https://digitalcontent.api.tesco.com/v2/media/ghs/fc1ceea8-4bcc-4ce2-8d42-d33357536d10/341bc9d6-f3b1-4885-be83-65e3127f074f_1335821539.jpeg?h=225&w=225,Food Cupboard,"Chocolate, Sweets, Mints & Chewing Gum"
321126672,Snickers Milk Chocolate Snacksize Bars Multipack 8 x 35.5g,£3.60,£1.27/100g,,,False,,False,3.5,2,False,https://www.tesco.com/groceries/en-GB/products/321126672,https://digitalcontent.api.tesco.com/v2/media/ghs/93d0b1a9-fc89-4c00-9db8-810f05a390d1/64063374-39cb-48ed-90fe-f2cc53f81dfb_297293522.jpeg?h=225&w=225,Food Cupboard,"Chocolate, Sweets, Mints & Chewing Gum"
317549655,Cadbury Starbar Chocolate Multipack 4x37g,£2.00,£1.35/100g,,,False,,False,2.5,2,False,https://www.tesco.com/groceries/en-GB/products/317549655,https://digitalcontent.api.tesco.com/v2/media/ghs/a220b574-3134-4848-922d-4df5cb6124c1/68da4a46-ceb4-4108-9630-7a034b00876c_446866282.jpeg?h=225&w=225,Food Cupboard,"Chocolate, Sweets, Mints & Chewing Gum"
320797932,Cadbury Twirl Chocolate Bar 3 Pack Multipack 129g,£2.00,£1.55/100g,,,False,,False,4.2,32,False,https://www.tesco.com/groceries/en-GB/products/320797932,https://digitalcontent.api.tesco.com/v2/media/ghs/978cf1f6-0ca4-4578-98ba-1724a56e7e74/e1f18cb1-c46e-4700-ae5b-a92fc6664e8e_1214993126.jpeg?h=225&w=225,Food Cupboard,"Chocolate, Sweets, Mints & Chewing Gum"
311934525,NOMO Non-dairy Milk Chocolate Lollies 3 Pack 36g,£2.15,£5.97/100g,,,False,,False,,,False,https://www.tesco.com/groceries/en-GB/products/311934525,https://digitalcontent.api.tesco.com/v2/media/ghs/25dfa17a-cc32-4599-9133-51b5581e8da1/ae7a54aa-3fa7-4037-afb1-6aa8eb45df4d_1865978420.jpeg?h=225&w=225,Food Cupboard,"Chocolate, Sweets, Mints & Chewing Gum"
317202795,Milkybar White Medium Multipack 4 x 25g,£1.85,£1.85/100g,,,False,,False,,,False,https://www.tesco.com/groceries/en-GB/products/317202795,https://digitalcontent.api.tesco.com/v2/media/ghs/a5ac4f24-8bf1-4901-a17d-8f02dd9f91de/11aab406-dd54-4fb2-9875-a8f244787634_1083816816.jpeg?h=225&w=225,Food Cupboard,"Chocolate, Sweets, Mints & Chewing Gum"
313383355,Cadbury Dairy Milk Chocolate Giant Buttons Bag 184.8G,£2.50,£1.35/100g,,,False,,False,4.7,42,False,https://www.tesco.com/groceries/en-GB/products/313383355,https://digitalcontent.api.tesco.com/v2/media/ghs/1ef0ddb9-1fbd-4222-abd9-368361cf7564/0f978d21-8b8b-4a15-ba66-a0d78919a794_1007536291.jpeg?h=225&w=225,Food Cupboard,"Chocolate, Sweets, Mints & Chewing Gum"
321214695,Mars Milk Chocolate Snacksize Bars Multipack 8 x 33.8g,£3.00,£1.11/100g,,,False,,False,,,False,https://www.tesco.com/groceries/en-GB/products/321214695,https://digitalcontent.api.tesco.com/v2/media/ghs/26615cbe-4191-48f5-a5ba-d5bef1a4bfe3/9c401846-cc6e-4fdb-a15c-61391518f093_113509943.jpeg?h=225&w=225,Food Cupboard,"Chocolate, Sweets, Mints & Chewing Gum"
313621368,Cadbury Delights Orange Caramel Chocolate Nougat Bar 5 Pack 110g,£1.75,£1.59/100g,£1.50 Clubcard Price,(£1.36/100g),True,Offer valid for delivery from 14/04/2025 until 28/04/2025,False,4.5,88,False,https://www.tesco.com/groceries/en-GB/products/313621368,https://digitalcontent.api.tesco.com/v2/media/ghs/d5bd5fde-d80c-4d04-815f-c3104e97ef1a/c6a31fb9-ec78-4404-a927-de00537695c0_1584835947.jpeg?h=225&w=225,Food Cupboard,"Chocolate, Sweets, Mints & Chewing Gum"
313616761,Cadbury Delights Salted Caramel Chocolate Nougat Bar 5 Pack 110g,£1.75,£1.59/100g,£1.50 Clubcard Price,(£1.36/100g),True,Offer valid for delivery from 14/04/2025 until 28/04/2025,False,4.6,61,False,https://www.tesco.com/groceries/en-GB/products/313616761,https://digitalcontent.api.tesco.com/v2/media/ghs/f816338a-c9f8-4b4d-aa50-e3d23526867a/97129e71-9e0a-48e9-a559-62ecd8b8a14d_1844895369.jpeg?h=225&w=225,Food Cupboard,"Chocolate, Sweets, Mints & Chewing Gum"
313383418,Cadbury Delights Hazelnut Caramel Chocolate Nougat Bar 5 Pack 110g,£1.75,£1.59/100g,£1.50 Clubcard Price,(£1.36/100g),True,Offer valid for delivery from 14/04/2025 until 28/04/2025,False,4.5,54,False,https://www.tesco.com/groceries/en-GB/products/313383418,https://digitalcontent.api.tesco.com/v2/media/ghs/168f389f-9dc7-4725-be3d-9f44d72d66a6/159b52d9-2915-4ae9-807c-cb8bdc274b77_431313734.jpeg?h=225&w=225,Food Cupboard,"Chocolate, Sweets, Mints & Chewing Gum"
313736238,Cadbury Fruitier & Nuttier Chocolate Bars 4X30g,£2.25,£1.88/100g,,,False,,False,1.8,6,False,https://www.tesco.com/groceries/en-GB/products/313736238,https://digitalcontent.api.tesco.com/v2/media/ghs/0355deff-8f69-4b8c-a201-5e48138f4e28/e00da9a0-9ff3-4ec3-87e0-148d8ac2c27d_2052728175.jpeg?h=225&w=225,Food Cupboard,"Chocolate, Sweets, Mints & Chewing Gum"
316654330,Haribo Vegetarian Tropi-Slices Pocket Size Bag 42g,£0.60,£1.43/100g,,,False,,False,,,False,https://www.tesco.com/groceries/en-GB/products/316654330,https://digitalcontent.api.tesco.com/v2/media/ghs/3d2da0cf-9a47-41f0-808c-0e0e9c21c92a/748d35a4-5e50-4621-9414-c99af72d3d51_1437877290.jpeg?h=225&w=225,Food Cupboard,"Chocolate, Sweets, Mints & Chewing Gum"
320570941,Galaxy Minstrels Milk Chocolate 118g,£2.00,£1.70/100g,,,False,,False,,,False,https://www.tesco.com/groceries/en-GB/products/320570941,https://digitalcontent.api.tesco.com/v2/media/ghs/57886246-9b98-4116-ad0e-c0d11b9455a9/19668d6f-831f-4fca-a0d5-bf1c88510cbb_1910446356.jpeg?h=225&w=225,Food Cupboard,"Chocolate, Sweets, Mints & Chewing Gum"
316185798,Snickers Creamy Peanut Butter & Milk Chocolate Duo Bars 4 x 36.5g,£1.80,£1.23/100g,,,False,,False,,1,False,https://www.tesco.com/groceries/en-GB/products/316185798,https://digitalcontent.api.tesco.com/v2/media/ghs/7963151a-0ff4-401b-bc2a-527e1e7cbbc2/d8a64a15-8480-4022-ae4f-a630088e883b_2089090219.jpeg?h=225&w=225,Food Cupboard,"Chocolate, Sweets, Mints & Chewing Gum"
316295633,Twix Caramel & White Chocolate Fingers Biscuit Twin Bars 4 x 46g,£1.69,£0.92/100g,,,False,,False,,,False,https://www.tesco.com/groceries/en-GB/products/316295633,https://digitalcontent.api.tesco.com/v2/media/ghs/2534f9a1-fc71-43c0-9db3-78c1678b8457/6ad2671b-8744-48dc-9d2e-078d7204e458_337266132.jpeg?h=225&w=225,Food Cupboard,"Chocolate, Sweets, Mints & Chewing Gum"
316308499,Twix Caramel & Milk Chocolate Fingers Biscuit Twin Bars 4 x 40g,£1.69,£1.06/100g,,,False,,False,,,False,https://www.tesco.com/groceries/en-GB/products/316308499,https://digitalcontent.api.tesco.com/v2/media/ghs/abfcb5e5-c570-4251-ae64-f5df7e6f590d/db74447d-4800-4850-a7a7-3cdba994a1d9_1244402620.jpeg?h=225&w=225,Food Cupboard,"Chocolate, Sweets, Mints & Chewing Gum"
313966403,Cadbury Fudge Chocolate Bar 5 Pack Multipack 110g,£1.40,£1.27/100g,,,False,,False,4.6,59,False,https://www.tesco.com/groceries/en-GB/products/313966403,https://digitalcontent.api.tesco.com/v2/media/ghs/5b860030-6a72-4e6f-8342-8913071d0756/1673a265-7bd1-48bb-95d3-48b368d34f34_1442664387.jpeg?h=225&w=225,Food Cupboard,"Chocolate, Sweets, Mints & Chewing Gum"
311679994,Cadbury Curly Wurly Chocolate Bar 5 Pack Multipack 107.5g,£1.40,£1.30/100g,,,False,,False,4.7,64,False,https://www.tesco.com/groceries/en-GB/products/311679994,https://digitalcontent.api.tesco.com/v2/media/ghs/b53163af-1b88-48ed-bf46-d965cbdbaf8b/108e9513-67c1-4303-8680-939fc4c765e1_1002371889.jpeg?h=225&w=225,Food Cupboard,"Chocolate, Sweets, Mints & Chewing Gum"
317666775,"Kit Kat 2 Finger White Chocolate Biscuit Bars Multipack, 9 Pack",£1.95,£1.05/100g,£1.30 Save 1/3 Clubcard Price,(£0.70/100g),True,Offer valid for delivery from 26/03/2025 until 20/05/2025,False,,,False,https://www.tesco.com/groceries/en-GB/products/317666775,https://digitalcontent.api.tesco.com/v2/media/ghs/3f90bdb9-8f46-455a-806b-93e4e1c96ff4/ba799b44-6c38-4598-8627-4631c66b2703_1189846966.jpeg?h=225&w=225,Food Cupboard,"Chocolate, Sweets, Mints & Chewing Gum"
316190578,Bounty Coconut & Milk Chocolate Duo Bars Multipack 4 x 57g,£1.80,£0.79/100g,,,False,,False,3.4,5,False,https://www.tesco.com/groceries/en-GB/products/316190578,https://digitalcontent.api.tesco.com/v2/media/ghs/c6d2e729-98a2-4cd7-a511-9b27def5b38f/fe552e3e-df11-4406-af08-86668247a1d3_1353030962.jpeg?h=225&w=225,Food Cupboard,"Chocolate, Sweets, Mints & Chewing Gum"
290504888,Cadbury Milk Tray Chocolate Gift Box 360g,£6.00,£1.67/100g,£4.50 Save 25% Clubcard Price,(£1.25/100g),True,Offer valid for delivery from 23/01/2025 until 20/04/2025,False,4.2,117,False,https://www.tesco.com/groceries/en-GB/products/290504888,https://digitalcontent.api.tesco.com/v2/media/ghs/0718b10c-c1ae-4216-8298-e9e11e0f8709/861931db-c596-4769-b836-d94a6c1a647a_1198973687.jpeg?h=225&w=225,Food Cupboard,"Chocolate, Sweets, Mints & Chewing Gum"
311674509,Lindt Gold Bar Milk Chocolate With Hazelnuts 300G,£6.75,£22.50/kg,£5.75 Clubcard Price,(£19.17/kg),True,Offer valid for delivery from 10/03/2025 until 20/04/2025,False,,,False,https://www.tesco.com/groceries/en-GB/products/311674509,https://digitalcontent.api.tesco.com/v2/media/ghs/57ce152b-9570-4690-9c30-6817d22325a0/118d7226-f16f-4ef9-9d5c-aff9cdc427fe_689678778.jpeg?h=225&w=225,Food Cupboard,"Chocolate, Sweets, Mints & Chewing Gum"
316798997,Cadbury Dairy Milk Chocolate Giant Buttons Share Bag 330g,£4.10,£1.24/100g,,,False,,False,,,False,https://www.tesco.com/groceries/en-GB/products/316798997,https://digitalcontent.api.tesco.com/v2/media/ghs/f17f252b-2238-4b98-984d-ea05ea471099/08823c35-7726-4442-9780-fb44a934ab65_776332859.jpeg?h=225&w=225,Food Cupboard,"Chocolate, Sweets, Mints & Chewing Gum"
257054162,Lindt Gold Bunny Milk Chocolate 50G,,,£2.25 Clubcard Price,(£4.50/100g),True,Offer valid for delivery from 24/12/2024 until 12/05/2025,False,,,False,https://www.tesco.com/groceries/en-GB/products/257054162,https://digitalcontent.api.tesco.com/v2/media/ghs/459005bb-c00f-4a97-b941-a9e547a62b46/0b3c28dd-17d1-4999-9a63-20c12184dccc.jpeg?h=225&w=225,Food Cupboard,"Chocolate, Sweets, Mints & Chewing Gum"
316941727,Reese's Milk Chocolate Peanut Butter Cups Mini's Unwrapped More To Share Pouch 185g,£3.50,£1.89/100g,£2.75 Clubcard Price,(£1.49/100g),True,Offer valid for delivery from 26/03/2025 until 22/04/2025,False,,1,False,https://www.tesco.com/groceries/en-GB/products/316941727,https://digitalcontent.api.tesco.com/v2/media/ghs/b9486814-b234-4973-9a8b-8cdc40806ec8/52fec30e-86f6-42ec-877c-d9eb9133e219_903384180.jpeg?h=225&w=225,Food Cupboard,"Chocolate, Sweets, Mints & Chewing Gum"
320812610,Revels Milk Chocolate Pouch Bag 185g,£3.60,£1.95/100g,,,False,,False,1.7,3,False,https://www.tesco.com/groceries/en-GB/products/320812610,https://digitalcontent.api.tesco.com/v2/media/ghs/b2b78bc8-4896-436a-a630-bd16a660849f/5a27e7c3-1fc4-42fc-8d44-293fd39c5e81_1454144931.jpeg?h=225&w=225,Food Cupboard,"Chocolate, Sweets, Mints & Chewing Gum"
321104652,TERRYS MINIS CHOCOLATE ORANGE MILK 104G,£1.80,£1.73/100g,,,False,,False,,,False,https://www.tesco.com/groceries/en-GB/products/321104652,https://digitalcontent.api.tesco.com/v2/media/ghs/b57251f0-2e10-4643-b9a1-32322367935f/156357ef-37b9-41eb-a5f7-ff293de6160b_172193118.jpeg?h=225&w=225,Food Cupboard,"Chocolate, Sweets, Mints & Chewing Gum"
320556734,Reese's Peanut Butter and Milk Chocolate Dipped Peanuts 90g,£1.85,£2.06/100g,,,False,,False,,,False,https://www.tesco.com/groceries/en-GB/products/320556734,https://digitalcontent.api.tesco.com/v2/media/ghs/6814932e-e985-424e-b173-715b9f86b668/009df849-af74-4494-98e1-ba64b822aa24_1458067464.jpeg?h=225&w=225,Food Cupboard,"Chocolate, Sweets, Mints & Chewing Gum"
313508857,Cadbury Dairy Milk Caramel Nibbles Chocolate Bag 186G,£2.50,£1.34/100g,,,False,,False,4.7,37,False,https://www.tesco.com/groceries/en-GB/products/313508857,https://digitalcontent.api.tesco.com/v2/media/ghs/4b365899-ff0f-41f4-bf25-0551cdb47fe5/2d3bf620-27cf-4d0a-8ab4-d2120b5515d6_1444487789.jpeg?h=225&w=225,Food Cupboard,"Chocolate, Sweets, Mints & Chewing Gum"
321222713,Cadbury Dairy Milk Caramel Nibbles Chocolate Bag 100G,£1.75,£1.75/100g,£1.50 Clubcard Price,(£1.50/100g),True,Offer valid for delivery from 26/03/2025 until 22/04/2025,False,,,False,https://www.tesco.com/groceries/en-GB/products/321222713,https://digitalcontent.api.tesco.com/v2/media/ghs/9f9b8d6e-0a7b-4f8d-a1f9-70c397f52547/62b3a385-a637-4a54-9af4-a514c565ede1_211168925.jpeg?h=225&w=225,Food Cupboard,"Chocolate, Sweets, Mints & Chewing Gum"
321042010,Cadbury Dairy Milk Chocolate Buttons Bag 100G,,,£1.50 Clubcard Price,(£1.50/100g),True,Offer valid for delivery from 26/03/2025 until 22/04/2025,False,,1,False,https://www.tesco.com/groceries/en-GB/products/321042010,https://digitalcontent.api.tesco.com/v2/media/ghs/8b55eaca-f28b-4867-81d0-051810d231ac/50da1632-5402-49fe-a722-2df8d9f8720b_614339402.jpeg?h=225&w=225,Food Cupboard,"Chocolate, Sweets, Mints & Chewing Gum"
321041564,Cadbury Caramilk Chocolate Buttons Bag 100G,£1.75,£1.75/100g,£1.50 Clubcard Price,(£1.50/100g),True,Offer valid for delivery from 26/03/2025 until 22/04/2025,False,,,False,https://www.tesco.com/groceries/en-GB/products/321041564,https://digitalcontent.api.tesco.com/v2/media/ghs/cf4c38a7-a16d-46cf-8dbc-47d40beced2d/17b3115f-58a5-40b5-bc35-b626a444dfbb_1254679776.jpeg?h=225&w=225,Food Cupboard,"Chocolate, Sweets, Mints & Chewing Gum"
321113042,Mallow & Marsh Milk Chocolate Coconut Mallow 100G,£2.50,£2.50/100g,£1.95 Clubcard Price,(£1.95/100g),True,Offer valid for delivery from 26/03/2025 until 22/04/2025,False,4.8,120,False,https://www.tesco.com/groceries/en-GB/products/321113042,https://digitalcontent.api.tesco.com/v2/media/ghs/cb460b3f-2c7b-426c-a09f-222f86cd8bf7/3d0fe1ee-67a4-47a9-a70c-fac7b645c391_1248397461.jpeg?h=225&w=225,Food Cupboard,"Chocolate, Sweets, Mints & Chewing Gum"
321113895,Cadbury Crunchie Rocks Chocolate Bag 100G,£1.75,£1.75/100g,£1.50 Clubcard Price,(£1.50/100g),True,Offer valid for delivery from 26/03/2025 until 22/04/2025,False,,1,False,https://www.tesco.com/groceries/en-GB/products/321113895,https://digitalcontent.api.tesco.com/v2/media/ghs/12175afc-bc55-4c02-bd5e-355814d6bece/99a24db9-67d0-4018-a3ab-886d0bf043d1_974228587.jpeg?h=225&w=225,Food Cupboard,"Chocolate, Sweets, Mints & Chewing Gum"
313523847,Cadbury Dairy Milk Salted Caramel Chocolate Bar 120g,£1.65,£1.38/100g,,,False,,False,4.3,54,False,https://www.tesco.com/groceries/en-GB/products/313523847,https://digitalcontent.api.tesco.com/v2/media/ghs/fa574ff9-06da-49ab-b049-129e05918d45/6cac8589-0917-4988-837f-12c7dc71907a_288956522.jpeg?h=225&w=225,Food Cupboard,"Chocolate, Sweets, Mints & Chewing Gum"
321109382,Cadbury Twirl Bites Chocolate Bag 100G,,,£1.50 Clubcard Price,(£1.50/100g),True,Offer valid for delivery from 26/03/2025 until 22/04/2025,False,,,False,https://www.tesco.com/groceries/en-GB/products/321109382,https://digitalcontent.api.tesco.com/v2/media/ghs/ad784d8c-d0f8-4593-8004-965f7cf7098d/0cd87621-239d-4365-9cc8-a01b8dea5b2a_1503740908.jpeg?h=225&w=225,Food Cupboard,"Chocolate, Sweets, Mints & Chewing Gum"
320805170,Maltesers Milk Chocolate Pouch Bag 93g,£2.00,£2.15/100g,,,False,,False,,,False,https://www.tesco.com/groceries/en-GB/products/320805170,https://digitalcontent.api.tesco.com/v2/media/ghs/900b10ef-7723-44f9-849d-1999319c38b3/e79c355c-5312-4299-8a3e-e5ecbbb0840b_587989187.jpeg?h=225&w=225,Food Cupboard,"Chocolate, Sweets, Mints & Chewing Gum"
321037627,Cadbury Bitsa Wispa Chocolate Bag 100G,£1.75,£1.75/100g,£1.50 Clubcard Price,(£1.50/100g),True,Offer valid for delivery from 26/03/2025 until 22/04/2025,False,,,False,https://www.tesco.com/groceries/en-GB/products/321037627,https://digitalcontent.api.tesco.com/v2/media/ghs/33b571c4-9048-4797-99f5-0e5baaa859a1/6b9fb90a-b712-4d72-893b-4746d5a33cd9_504874132.jpeg?h=225&w=225,Food Cupboard,"Chocolate, Sweets, Mints & Chewing Gum"
321031173,Munchies Orange Chocolate Share Bag 100g,£1.65,£1.65/100g,£1.10 Save 1/3 Clubcard Price,(£1.10/100g),True,Offer valid for delivery from 26/03/2025 until 22/04/2025,False,,,False,https://www.tesco.com/groceries/en-GB/products/321031173,https://digitalcontent.api.tesco.com/v2/media/ghs/89cc7086-477c-4764-a9f7-c71f2e733419/4cf2e6ac-0526-4aa3-a798-d04f7ca3e779_790142473.jpeg?h=225&w=225,Food Cupboard,"Chocolate, Sweets, Mints & Chewing Gum"
317191604,CADBURY DAIRY MILK CHOCOLATE BUTTONS 85G,£1.35,£1.59/100g,,,False,,False,,,False,https://www.tesco.com/groceries/en-GB/products/317191604,https://digitalcontent.api.tesco.com/v2/media/ghs/2d083a3c-a0f8-4e17-b2ba-0d9c2a581b8d/d2ed1c83-92b5-4e57-bd7f-2414da911746_1387437867.jpeg?h=225&w=225,Food Cupboard,"Chocolate, Sweets, Mints & Chewing Gum"
306494804,Maltesers Chocolate Treat Bag 68G,£1.55,£2.28/100g,,,False,,False,,,False,https://www.tesco.com/groceries/en-GB/products/306494804,https://digitalcontent.api.tesco.com/v2/media/ghs/fa8ec8b6-caf8-42c4-a567-21f76c8200f8/205c654e-89d0-467c-9454-3d5996f2a09c_1313429386.jpeg?h=225&w=225,Food Cupboard,"Chocolate, Sweets, Mints & Chewing Gum"
321103555,Cadbury Dairy Milk Twisted Chocolate Buttons Bag 100G,£1.75,£1.75/100g,£1.50 Clubcard Price,(£1.50/100g),True,Offer valid for delivery from 26/03/2025 until 22/04/2025,False,,,False,https://www.tesco.com/groceries/en-GB/products/321103555,https://digitalcontent.api.tesco.com/v2/media/ghs/d7104613-d692-4215-ba31-f1387977f19c/e8b8c649-570c-4180-9c57-d41bf0db84ce_1151156513.jpeg?h=225&w=225,Food Cupboard,"Chocolate, Sweets, Mints & Chewing Gum"
317302705,M&M's Minis Milk Chocolate More to Share Pouch Bag 176g,£2.85,£1.62/100g,£2.00 Clubcard Price,(£1.14/100g),True,Offer valid for delivery from 31/03/2025 until 21/04/2025,False,,,False,https://www.tesco.com/groceries/en-GB/products/317302705,https://digitalcontent.api.tesco.com/v2/media/ghs/a347f0a0-32cd-448a-aa1e-3add7c66ef32/915dd02b-3c6c-417c-b6c9-0aac09f515c6_423049081.jpeg?h=225&w=225,Food Cupboard,"Chocolate, Sweets, Mints & Chewing Gum"
320983907,Cadbury Dark Milk Chocolate Buttons Bag 100G,£1.75,£1.75/100g,£1.50 Clubcard Price,(£1.50/100g),True,Offer valid for delivery from 26/03/2025 until 22/04/2025,False,,1,False,https://www.tesco.com/groceries/en-GB/products/320983907,https://digitalcontent.api.tesco.com/v2/media/ghs/2ee45742-d50b-47c2-a961-1f5104da916b/8971cd0e-a3d0-4a2b-b4e6-c2a6ce6fe33d_865510016.jpeg?h=225&w=225,Food Cupboard,"Chocolate, Sweets, Mints & Chewing Gum"
321049803,Revels Milk Chocolate Bag Pouch 101g,£1.75,£1.73/100g,,,False,,False,,,False,https://www.tesco.com/groceries/en-GB/products/321049803,https://digitalcontent.api.tesco.com/v2/media/ghs/ec620de2-5319-4856-bfca-2d5b3bf46441/61ffbff5-3a08-42b5-8d99-352649a1f478_678289356.jpeg?h=225&w=225,Food Cupboard,"Chocolate, Sweets, Mints & Chewing Gum"
320672204,Galaxy Milk Chocolate Counters 112g Pouch Bag,£2.00,£1.79/100g,,,False,,False,,,False,https://www.tesco.com/groceries/en-GB/products/320672204,https://digitalcontent.api.tesco.com/v2/media/ghs/65281326-2fac-48c1-868f-8cec7b95fd08/2b51a9ed-b8f2-4b68-8b20-0d7d5e45cd2a_1737670854.jpeg?h=225&w=225,Food Cupboard,"Chocolate, Sweets, Mints & Chewing Gum"
320979458,M&M's Peanut Milk Chocolate Bag Pouch 112g,£1.75,£1.56/100g,,,False,,False,,,False,https://www.tesco.com/groceries/en-GB/products/320979458,https://digitalcontent.api.tesco.com/v2/media/ghs/ea6673f3-9f3c-4141-93e8-4ef10e2f6fa3/97c08dfe-ea5a-4e89-b72e-8ae6ec10f866_1022666857.jpeg?h=225&w=225,Food Cupboard,"Chocolate, Sweets, Mints & Chewing Gum"
315849015,Aero Peppermint Milk Chocolate Bubbles 80g,£1.40,£1.75/100g,,,False,,False,,,False,https://www.tesco.com/groceries/en-GB/products/315849015,https://digitalcontent.api.tesco.com/v2/media/ghs/22316c18-7bd1-4cfd-950b-3cc5e90e893d/dd0f9223-c493-46c5-8cc0-b28af8d7475a_1510247999.jpeg?h=225&w=225,Food Cupboard,"Chocolate, Sweets, Mints & Chewing Gum"
316420526,M&M's Crispy Milk Chocolate Bites 107g,£1.50,£1.40/100g,,,False,,False,,1,False,https://www.tesco.com/groceries/en-GB/products/316420526,https://digitalcontent.api.tesco.com/v2/media/ghs/80ad0537-f675-46ac-bb80-2a16533ff418/b46a386c-1867-47f8-a039-2ceb6fd2f04e_621843028.jpeg?h=225&w=225,Food Cupboard,"Chocolate, Sweets, Mints & Chewing Gum"
316291127,Milky Way Magic Stars Milk Chocolate Bites 100g,£1.65,£1.65/100g,,,False,,False,3.3,3,False,https://www.tesco.com/groceries/en-GB/products/316291127,https://digitalcontent.api.tesco.com/v2/media/ghs/1ce24218-b2b8-4531-9571-1279fcaa586b/4f3dcf9a-ee9b-4b60-a55e-06cb92c7c1bc_578360387.jpeg?h=225&w=225,Food Cupboard,"Chocolate, Sweets, Mints & Chewing Gum"
306496606,M&M's Peanut Chocolate Treat Bag 82G,£1.20,£1.46/100g,,,False,,False,,,False,https://www.tesco.com/groceries/en-GB/products/306496606,https://digitalcontent.api.tesco.com/v2/media/ghs/f238268a-63df-4285-8b4e-3de1c55d86f6/42f760e6-8a0c-4f6d-814b-ade8e7c02eda_1718575896.jpeg?h=225&w=225,Food Cupboard,"Chocolate, Sweets, Mints & Chewing Gum"
321038632,Cadbury White Chocolate Buttons Bag 100G,£1.75,£1.75/100g,£1.50 Clubcard Price,(£1.50/100g),True,Offer valid for delivery from 26/03/2025 until 22/04/2025,False,,,False,https://www.tesco.com/groceries/en-GB/products/321038632,https://digitalcontent.api.tesco.com/v2/media/ghs/a43d4134-2737-42ae-8abf-eb7e14f8c4da/c8359153-f947-49c8-9b45-c01dbc10086d_1810063005.jpeg?h=225&w=225,Food Cupboard,"Chocolate, Sweets, Mints & Chewing Gum"
314709794,Tesco Milk Chocolate Raisins 150g,£1.50,£1.00/100g,,,False,,False,2.4,30,False,https://www.tesco.com/groceries/en-GB/products/314709794,https://digitalcontent.api.tesco.com/v2/media/ghs/7cdc3363-ff3e-4777-bbb6-513c0554a941/97a48737-5e84-4d7c-8f26-240131f7188b_1263754347.jpeg?h=225&w=225,Food Cupboard,"Chocolate, Sweets, Mints & Chewing Gum"
314593295,Tesco Milk Chocolate Peanuts 150g,£1.50,£1.00/100g,,,False,,False,3.3,20,False,https://www.tesco.com/groceries/en-GB/products/314593295,https://digitalcontent.api.tesco.com/v2/media/ghs/b05e6209-bae1-491a-a8ff-0327cea79416/efcac027-63be-4f89-9020-0f1bf1c2f0b6_580873538.jpeg?h=225&w=225,Food Cupboard,"Chocolate, Sweets, Mints & Chewing Gum"
317205636,Cadbury Twirl Milk Chocolate Bites 85g,£1.35,£1.59/100g,,,False,,False,,,False,https://www.tesco.com/groceries/en-GB/products/317205636,https://digitalcontent.api.tesco.com/v2/media/ghs/8dafe6b8-85de-4014-af8a-a3a45683904b/478a7ec7-683b-45ca-a558-066529833240_235027537.jpeg?h=225&w=225,Food Cupboard,"Chocolate, Sweets, Mints & Chewing Gum"
321119859,Cadbury Oreo Bites Chocolate Bag 100G,£1.75,£1.75/100g,£1.50 Clubcard Price,(£1.50/100g),True,Offer valid for delivery from 26/03/2025 until 22/04/2025,False,,,False,https://www.tesco.com/groceries/en-GB/products/321119859,https://digitalcontent.api.tesco.com/v2/media/ghs/0b2e079a-30c8-4255-875a-46a5b94e7353/e8abe098-8b52-445a-b870-0d1300762884_341282662.jpeg?h=225&w=225,Food Cupboard,"Chocolate, Sweets, Mints & Chewing Gum"
320990501,M&M's Milk Chocolate Bites Pouch Bag 112g,£1.75,£1.56/100g,,,False,,False,,,False,https://www.tesco.com/groceries/en-GB/products/320990501,https://digitalcontent.api.tesco.com/v2/media/ghs/23150feb-7a35-4bc9-ae80-13c34dc66af1/42fc0313-ef4b-4167-a262-d08dc52d1ed5_1360577088.jpeg?h=225&w=225,Food Cupboard,"Chocolate, Sweets, Mints & Chewing Gum"
316553075,M&M's Minis Milk Chocolate Bites 115g,£1.75,£1.52/100g,,,False,,False,,,False,https://www.tesco.com/groceries/en-GB/products/316553075,https://digitalcontent.api.tesco.com/v2/media/ghs/83418572-0d84-4010-b833-d5eb63132cb6/00de33bb-f970-4421-b898-3af3b803b9ec_1729224359.jpeg?h=225&w=225,Food Cupboard,"Chocolate, Sweets, Mints & Chewing Gum"
316175476,M&M's Crispy Milk Chocolate Bites 213g,£3.10,£1.46/100g,,,False,,False,,,False,https://www.tesco.com/groceries/en-GB/products/316175476,https://digitalcontent.api.tesco.com/v2/media/ghs/b43e4f79-f527-4c5c-8ef9-031dc9683079/c62e4810-6f33-42cd-af65-c3e1e7a2e690_168776710.jpeg?h=225&w=225,Food Cupboard,"Chocolate, Sweets, Mints & Chewing Gum"
313010095,Lindt Lindor Salted Caramel Milk Chocolate Easter Egg 28g,,,75p Clubcard Price,(£2.68/100g),True,Offer valid for delivery from 24/12/2024 until 12/05/2025,False,,3,False,https://www.tesco.com/groceries/en-GB/products/313010095,https://digitalcontent.api.tesco.com/v2/media/ghs/ea70b937-115f-42c4-9435-530422d50394/a510d034-44d4-48ff-b568-258ed3361c7f_1780233857.jpeg?h=225&w=225,Food Cupboard,"Chocolate, Sweets, Mints & Chewing Gum"
320967449,M&M's Crispy Milk Chocolate Pouch Bag 187g,£2.75,£1.47/100g,£2.00 Clubcard Price,(£1.07/100g),True,Offer valid for delivery from 31/03/2025 until 21/04/2025,False,,,False,https://www.tesco.com/groceries/en-GB/products/320967449,https://digitalcontent.api.tesco.com/v2/media/ghs/ccaac3d8-a870-4bf6-a36e-b804a5234f8e/65b51723-82f0-4fdf-b839-73a4243e7807_1010834365.jpeg?h=225&w=225,Food Cupboard,"Chocolate, Sweets, Mints & Chewing Gum"
320979625,M&M's Peanut Milk Chocolate Pouch Bag 200g,£3.30,£1.65/100g,£2.00 Clubcard Price,(£1.00/100g),True,Offer valid for delivery from 31/03/2025 until 21/04/2025,False,,2,False,https://www.tesco.com/groceries/en-GB/products/320979625,https://digitalcontent.api.tesco.com/v2/media/ghs/51d137d4-6129-458b-81d8-ee5cd7bcbb97/78281ab3-0356-4e21-a568-4f145e787561_1254423245.jpeg?h=225&w=225,Food Cupboard,"Chocolate, Sweets, Mints & Chewing Gum"
320983308,Galaxy Minstrels Milk Chocolate Pouch Bag 195g,£2.75,£1.41/100g,£2.00 Clubcard Price,(£1.03/100g),True,Offer valid for delivery from 31/03/2025 until 21/04/2025,False,,,False,https://www.tesco.com/groceries/en-GB/products/320983308,https://digitalcontent.api.tesco.com/v2/media/ghs/e284462c-fcf8-4fe3-b7ec-d5e6477c9268/4c9c3621-2064-45db-89f0-799b9b1fb47a_140776399.jpeg?h=225&w=225,Food Cupboard,"Chocolate, Sweets, Mints & Chewing Gum"
320969465,Maltesers Milk Chocolate Pouch Bag 158g,£2.75,£1.74/100g,£2.00 Clubcard Price,(£1.27/100g),True,Offer valid for delivery from 31/03/2025 until 21/04/2025,False,,,False,https://www.tesco.com/groceries/en-GB/products/320969465,https://digitalcontent.api.tesco.com/v2/media/ghs/1c25fa83-044d-47b9-8d56-105ccb0b8b58/f87ec6c0-48c6-4014-bf23-c9c16bb65148_221806954.jpeg?h=225&w=225,Food Cupboard,"Chocolate, Sweets, Mints & Chewing Gum"
313752725,Tony's Chocolonely Milk Chocolate Chip Cookie 180G,£3.50,£1.94/100g,,,False,,False,,,False,https://www.tesco.com/groceries/en-GB/products/313752725,https://digitalcontent.api.tesco.com/v2/media/ghs/8d46a96d-bc9d-4d1a-b7fb-300d9187bc0a/2b83cf32-0553-4234-80b2-0316ba6b93ab_2062559635.jpeg?h=225&w=225,Food Cupboard,"Chocolate, Sweets, Mints & Chewing Gum"
315468385,Tesco Finest 48% Dark Milk Chocolate 100g,£2.40,£2.40/100g,,,False,,False,4.4,16,False,https://www.tesco.com/groceries/en-GB/products/315468385,https://digitalcontent.api.tesco.com/v2/media/ghs/135471c3-e965-4c0d-ad6e-06417daef6f5/dbbe6eb7-71d5-4ea5-80ef-804d69bdc850_886641352.jpeg?h=225&w=225,Food Cupboard,"Chocolate, Sweets, Mints & Chewing Gum"
315346466,Tesco Finest Orange 47% Dark Chocolate 100g,£2.40,£2.40/100g,,,False,,False,2.5,4,False,https://www.tesco.com/groceries/en-GB/products/315346466,https://digitalcontent.api.tesco.com/v2/media/ghs/2b27f044-bcc9-4ffd-bc09-e52488a93e6e/a5b9e95d-7306-45af-a5cd-795e5c655350_568088299.jpeg?h=225&w=225,Food Cupboard,"Chocolate, Sweets, Mints & Chewing Gum"
313836157,Pringles Texas Bbq Crisps 185G,£2.25,£1.22/100g,£1.95 Clubcard Price,(£1.05/100g),True,Offer valid for delivery from 26/03/2025 until 27/05/2025,False,4.5,66,True,https://www.tesco.com/groceries/en-GB/products/313836157,https://digitalcontent.api.tesco.com/v2/media/ghs/82cea61c-27d6-44ca-a14a-cc257232d999/949da622-f661-4613-861b-0b6142f56c64_246177613.jpeg?h=225&w=225,Food Cupboard,"Crisps, Snacks, Nuts & Popcorn"
315468287,Jacob's Mini Cheddars Original Multipack Snacks 12x23g,£2.73,£0.99/100g,,,False,,False,4.9,42,True,https://www.tesco.com/groceries/en-GB/products/315468287,https://digitalcontent.api.tesco.com/v2/media/ghs/9cab64a0-8689-49f7-afef-beca09665781/cbe5dd2e-3c0f-4001-87ce-2373738b9678_484213214.jpeg?h=225&w=225,Food Cupboard,"Crisps, Snacks, Nuts & Popcorn"
314306867,Pringles Paprika Sharing Crisps 185g,£2.25,£1.22/100g,£1.95 Clubcard Price,(£1.05/100g),True,Offer valid for delivery from 26/03/2025 until 27/05/2025,False,4.5,122,True,https://www.tesco.com/groceries/en-GB/products/314306867,https://digitalcontent.api.tesco.com/v2/media/ghs/e95225d1-7992-4afc-a8ed-6b097ca16506/1538bfc2-3dfb-47f7-af67-4712c078960f_1581615613.jpeg?h=225&w=225,Food Cupboard,"Crisps, Snacks, Nuts & Popcorn"
250591613,Peperami Original Mini Salami 10 X 10G,£3.00,£3.00/100g,£2.50 Clubcard Price,(£2.50/100g),True,Offer valid for delivery from 09/04/2025 until 29/04/2025,False,4.7,77,False,https://www.tesco.com/groceries/en-GB/products/250591613,https://digitalcontent.api.tesco.com/v2/media/ghs/c9226dff-9a67-49e8-b6eb-9bf6d0ffe0d6/5cb9e813-5fba-4a38-8488-fc2c4410ac77_1110073703.jpeg?h=225&w=225,Food Cupboard,"Crisps, Snacks, Nuts & Popcorn"
299913390,Walkers Ready Salted Multipack Crisps 12x25g,£3.00,£1.00/100g,,,False,,False,3.5,19,False,https://www.tesco.com/groceries/en-GB/products/299913390,https://digitalcontent.api.tesco.com/v2/media/ghs/bcd5a89f-a399-41b8-a2ad-55bb05c91fc1/773908ae-9c3f-4b04-9858-cc0f1b9085d3_487970274.jpeg?h=225&w=225,Food Cupboard,"Crisps, Snacks, Nuts & Popcorn"
299913418,Walkers Classic Variety Multipack Crisps 12x25g,£3.00,£1.00/100g,,,False,,False,4.9,50,False,https://www.tesco.com/groceries/en-GB/products/299913418,https://digitalcontent.api.tesco.com/v2/media/ghs/7b88bbf5-4ffa-4be4-8f4d-724371efce68/28a8695b-2230-46fc-b1e9-1e8b30497641_1146911352.jpeg?h=225&w=225,Food Cupboard,"Crisps, Snacks, Nuts & Popcorn"
312218888,Walkers Quavers Cheese Multipack Crisps 6x16g,£2.20,£2.29/100g,,,False,,False,4.7,29,False,https://www.tesco.com/groceries/en-GB/products/312218888,https://digitalcontent.api.tesco.com/v2/media/ghs/e090e018-315c-492a-9fd4-520c8b22be15/82f92934-38cf-4a52-a17f-e2b261e6bc6f_1517115303.jpeg?h=225&w=225,Food Cupboard,"Crisps, Snacks, Nuts & Popcorn"
261495152,Walkers Quavers Cheese Multipack Crisps 12x16g,£3.00,£1.56/100g,,,False,,False,4.6,37,False,https://www.tesco.com/groceries/en-GB/products/261495152,https://digitalcontent.api.tesco.com/v2/media/ghs/f650711d-3fa6-451b-aaf1-2bd036cebdfd/7db04ac4-b7c3-41dd-8b0b-88c4110a30c2_982194809.jpeg?h=225&w=225,Food Cupboard,"Crisps, Snacks, Nuts & Popcorn"
264924240,Walkers Squares Salt & Vinegar Multipack Crisps 6x22g,£2.20,£1.67/100g,,,False,,False,3.3,15,False,https://www.tesco.com/groceries/en-GB/products/264924240,https://digitalcontent.api.tesco.com/v2/media/ghs/ed926e62-af6b-4723-8209-7d362969f816/355bcd73-ad09-4449-b07c-2c7fae85fea1_1996933135.jpeg?h=225&w=225,Food Cupboard,"Crisps, Snacks, Nuts & Popcorn"
303485215,Mccoy's Classic Variety Crisps 6X25g,£2.35,£1.57/100g,,,False,,False,4.4,84,False,https://www.tesco.com/groceries/en-GB/products/303485215,https://digitalcontent.api.tesco.com/v2/media/ghs/9f4b7052-e78b-4a98-9e2c-be3276dd48ad/851d4ee5-80e1-484a-bc0d-966eb8abf6ea_1238265521.jpeg?h=225&w=225,Food Cupboard,"Crisps, Snacks, Nuts & Popcorn"
303485273,Mccoy's Flame Grilled Steak Crisps 6X25g,£2.35,£1.57/100g,,,False,,False,4.6,95,False,https://www.tesco.com/groceries/en-GB/products/303485273,https://digitalcontent.api.tesco.com/v2/media/ghs/76ee2159-f600-4210-bd58-b7548f8c58ad/3923a5d0-0d9b-4610-a8f5-3d2e5be9685e_603141655.jpeg?h=225&w=225,Food Cupboard,"Crisps, Snacks, Nuts & Popcorn"
303485238,Mccoy's Salt & Malt Vinegar Crisps 6X25g,£2.35,£1.57/100g,,,False,,False,4.5,65,False,https://www.tesco.com/groceries/en-GB/products/303485238,https://digitalcontent.api.tesco.com/v2/media/ghs/fc2145d1-3d66-4b4c-b70d-b7b04c471274/69fe76ac-ae92-4ff3-923a-f96adb3f2b2a_1032253708.jpeg?h=225&w=225,Food Cupboard,"Crisps, Snacks, Nuts & Popcorn"
271208882,Tyrrells Lightly Sea Salted Crisps 150 G,£2.50,£1.67/100g,£1.75 Clubcard Price,(£1.17/100g),True,Offer valid for delivery from 26/03/2025 until 25/05/2025,False,4.7,94,False,https://www.tesco.com/groceries/en-GB/products/271208882,https://digitalcontent.api.tesco.com/v2/media/ghs/f5c3b444-f92c-4644-8d60-134260b5fd75/1a2a6733-7f95-4928-8ef8-2a5f10d33f1d_233664077.jpeg?h=225&w=225,Food Cupboard,"Crisps, Snacks, Nuts & Popcorn"
300162130,Discos Assorted Crisps 6X25.5G,£1.60,£1.05/100g,,,False,,False,4.5,159,False,https://www.tesco.com/groceries/en-GB/products/300162130,https://digitalcontent.api.tesco.com/v2/media/ghs/6ab6455c-532c-4a9f-b653-ea7aa6ce7c4c/7256115b-98e0-4b1a-82ed-1304276d0435_571367814.jpeg?h=225&w=225,Food Cupboard,"Crisps, Snacks, Nuts & Popcorn"
287040530,Kp Hula Hoops Original 6X24g,£2.25,£1.56/100g,£1.75 Clubcard Price,(£1.22/100g),True,Offer valid for delivery from 26/03/2025 until 22/04/2025,False,4.9,82,False,https://www.tesco.com/groceries/en-GB/products/287040530,https://digitalcontent.api.tesco.com/v2/media/ghs/c2debad7-92f3-4f44-ac89-8ba2dd1edfd7/d60f57b4-17b8-4f66-8e7c-58b2d1c9ada3_1755670701.jpeg?h=225&w=225,Food Cupboard,"Crisps, Snacks, Nuts & Popcorn"
287135770,Kp Hula Hoops Bbq Beef 6X24g,£2.25,£1.56/100g,£1.75 Clubcard Price,(£1.22/100g),True,Offer valid for delivery from 26/03/2025 until 22/04/2025,False,4.8,84,False,https://www.tesco.com/groceries/en-GB/products/287135770,https://digitalcontent.api.tesco.com/v2/media/ghs/18c40081-db55-4cf8-85d4-4d785e330fb7/056260ba-bf72-41f2-955e-f95f3e61d30c_168741199.jpeg?h=225&w=225,Food Cupboard,"Crisps, Snacks, Nuts & Popcorn"
300639304,Frisps Assorted Crisps 6X25.5G,£1.50,£0.98/100g,,,False,,False,3.7,7,False,https://www.tesco.com/groceries/en-GB/products/300639304,https://digitalcontent.api.tesco.com/v2/media/ghs/83c4a681-42d9-4b70-a947-10ac169cb756/f1df3197-e2df-4181-bfb2-3f83b8d06985_986842186.jpeg?h=225&w=225,Food Cupboard,"Crisps, Snacks, Nuts & Popcorn"
314686289,Kettle Sea Salt & Black Peppercorns Potato Chips 130G,£2.40,£1.85/100g,£1.50 Clubcard Price,(£1.15/100g),True,Offer valid for delivery from 26/03/2025 until 22/04/2025,False,,,False,https://www.tesco.com/groceries/en-GB/products/314686289,https://digitalcontent.api.tesco.com/v2/media/ghs/a61564df-40c2-4209-9a80-1164f69e94ce/79a2e5bd-f4c8-4273-b0c1-76d99bd9cc73_1076090418.jpeg?h=225&w=225,Food Cupboard,"Crisps, Snacks, Nuts & Popcorn"
295709926,Kp Skips Prawn Cocktail Crisps 6 X 13.1G,£1.50,£1.91/100g,,,False,,False,4.6,96,False,https://www.tesco.com/groceries/en-GB/products/295709926,https://digitalcontent.api.tesco.com/v2/media/ghs/75107dd0-6443-4f8b-86ed-a50a7afb8eb8/8a894570-5727-4f29-8127-1ca1b24a79b5_1483692381.jpeg?h=225&w=225,Food Cupboard,"Crisps, Snacks, Nuts & Popcorn"
302309577,Pom Bear Original Crisps 6 X 13G,£1.75,£2.24/100g,,,False,,False,4.7,124,False,https://www.tesco.com/groceries/en-GB/products/302309577,https://digitalcontent.api.tesco.com/v2/media/ghs/8718785a-4fbc-48c0-b3a8-93c662667dbd/5650d19c-3218-4d06-a3ce-ad2d6b0c0788_734457704.jpeg?h=225&w=225,Food Cupboard,"Crisps, Snacks, Nuts & Popcorn"
259738773,Walkers Cheese & Onion Multipack Crisps 6x25g,£2.00,£1.33/100g,£1.65 Clubcard Price,(£1.10/100g),True,Offer valid for delivery from 26/03/2025 until 22/04/2025,False,3.9,19,False,https://www.tesco.com/groceries/en-GB/products/259738773,https://digitalcontent.api.tesco.com/v2/media/ghs/8dc9fe82-0e7a-4dae-b8a8-33194fb0f0f3/1be91838-340e-4692-8eac-75ca8cc30976_1026060118.jpeg?h=225&w=225,Food Cupboard,"Crisps, Snacks, Nuts & Popcorn"
254926800,Walkers Ready Salted Crisps Multipack 6x25g,£2.00,£1.33/100g,£1.65 Clubcard Price,(£1.10/100g),True,Offer valid for delivery from 26/03/2025 until 22/04/2025,False,4.1,57,False,https://www.tesco.com/groceries/en-GB/products/254926800,https://digitalcontent.api.tesco.com/v2/media/ghs/e09bb6d4-2be6-4569-841b-0585db7493f9/f482eade-79e3-437c-bf70-e045ca1cce04_1360069049.jpeg?h=225&w=225,Food Cupboard,"Crisps, Snacks, Nuts & Popcorn"
300273033,Tesco Ridge Cut Variety Crisps 6X30g,£1.60,£0.89/100g,,,False,,False,3.8,56,False,https://www.tesco.com/groceries/en-GB/products/300273033,https://digitalcontent.api.tesco.com/v2/media/ghs/e1b3e36b-80c2-4022-b676-614e533ed9cc/31952dd4-5830-4ff1-93c2-d790d644a57e_1600664646.jpeg?h=225&w=225,Food Cupboard,"Crisps, Snacks, Nuts & Popcorn"
308827569,Space Raiders Pickled Onion Flavoured Crisp 6X13g,£1.50,£1.92/100g,,,False,,False,3.8,32,False,https://www.tesco.com/groceries/en-GB/products/308827569,https://digitalcontent.api.tesco.com/v2/media/ghs/f168d6a8-8781-4057-b295-30d074247ad0/e930847d-199d-48c6-b01d-c8aed7c14c19_768965270.jpeg?h=225&w=225,Food Cupboard,"Crisps, Snacks, Nuts & Popcorn"
275594819,Seabrook Sea Salted Potato Crisps 6 X 25G,£1.45,£0.97/100g,,,False,,False,3.9,53,False,https://www.tesco.com/groceries/en-GB/products/275594819,https://digitalcontent.api.tesco.com/v2/media/ghs/8db47063-29ce-4049-a0f0-91603fe09503/5e220378-d87f-4b31-b875-55549b3d8eae.jpeg?h=225&w=225,Food Cupboard,"Crisps, Snacks, Nuts & Popcorn"
256644773,Walkers Prawn Cocktail Multipack Crisps 6x25g,£2.00,£1.33/100g,£1.65 Clubcard Price,(£1.10/100g),True,Offer valid for delivery from 26/03/2025 until 22/04/2025,False,4.4,13,False,https://www.tesco.com/groceries/en-GB/products/256644773,https://digitalcontent.api.tesco.com/v2/media/ghs/a9f39091-9e8c-4bd0-a4f4-73cf872c3b42/56983bb4-88a1-4a2b-9fa6-a658cbf134b1_1481262865.jpeg?h=225&w=225,Food Cupboard,"Crisps, Snacks, Nuts & Popcorn"
259738992,Walkers Salt & Vinegar Multipack Crisps 6x25g,£2.00,£1.33/100g,£1.65 Clubcard Price,(£1.10/100g),True,Offer valid for delivery from 26/03/2025 until 22/04/2025,False,3.4,14,False,https://www.tesco.com/groceries/en-GB/products/259738992,https://digitalcontent.api.tesco.com/v2/media/ghs/9769925a-bb0f-4826-8e97-bd13092ec8df/1b362176-99ec-4bbf-a9af-0c669df1a70a_925588246.jpeg?h=225&w=225,Food Cupboard,"Crisps, Snacks, Nuts & Popcorn"
260085541,Tesco Bacon Rashers Snacks 150G,£1.00,£0.67/100g,,,False,,False,2.7,59,False,https://www.tesco.com/groceries/en-GB/products/260085541,https://digitalcontent.api.tesco.com/v2/media/ghs/701a2275-4d77-4787-b91d-3298bff5fc0f/fde44ac8-e8b7-4b25-bf7c-8b930ec947e7_597158211.jpeg?h=225&w=225,Food Cupboard,"Crisps, Snacks, Nuts & Popcorn"
312985128,Jacob's Mini Cheddars Original Multipack Baked Snacks 6x23g,£1.75,£1.27/100g,£1.25 Clubcard Price,(£0.91/100g),True,Offer valid for delivery from 26/03/2025 until 22/04/2025,False,4.5,64,False,https://www.tesco.com/groceries/en-GB/products/312985128,https://digitalcontent.api.tesco.com/v2/media/ghs/adb9ed6a-b828-4469-8720-e73070e2a1ff/733bea43-69ce-4c24-85da-6e7465e4be5e_1135293529.jpeg?h=225&w=225,Food Cupboard,"Crisps, Snacks, Nuts & Popcorn"
309482036,Tesco Finest Hand Cooked Crisps - Sea Salt & Chardonnay Vinegar 150g,£1.15,£0.77/100g,,,False,,False,2.7,92,False,https://www.tesco.com/groceries/en-GB/products/309482036,https://digitalcontent.api.tesco.com/v2/media/ghs/d64387c3-54f0-4ba9-a9cf-5fa0010b81ec/dc25b67e-8621-422c-b2c5-9caf4ca15546_1531469866.jpeg?h=225&w=225,Food Cupboard,"Crisps, Snacks, Nuts & Popcorn"
255160730,Tesco Finest Mature Cheddar & Onion Crisps 150G,£1.15,£0.77/100g,,,False,,False,3.2,139,False,https://www.tesco.com/groceries/en-GB/products/255160730,https://digitalcontent.api.tesco.com/v2/media/ghs/08cefef9-3f56-426e-98d4-b7df50cc1ea5/db238929-a741-47e3-b56b-df5b1b5acbe1_147672297.jpeg?h=225&w=225,Food Cupboard,"Crisps, Snacks, Nuts & Popcorn"
260085754,Tesco Onion Rings 150g,£1.00,£0.67/100g,,,False,,False,2.3,69,False,https://www.tesco.com/groceries/en-GB/products/260085754,https://digitalcontent.api.tesco.com/v2/media/ghs/ec50fd70-8165-42e0-ac8d-d035577ba74b/b77efbe5-5349-4f9b-b03b-9c291df4090c_860695715.jpeg?h=225&w=225,Food Cupboard,"Crisps, Snacks, Nuts & Popcorn"
250057918,Tesco Tortilla Chips - Cool Flavour 200g,£0.95,£0.48/100g,,,False,,False,2.6,55,False,https://www.tesco.com/groceries/en-GB/products/250057918,https://digitalcontent.api.tesco.com/v2/media/ghs/c838a8bb-5e12-4bc3-a302-693b5d69a9d7/5d677bc3-13ef-453e-93dd-da55a991a857_1055838174.jpeg?h=225&w=225,Food Cupboard,"Crisps, Snacks, Nuts & Popcorn"
252688220,Tesco Finest Lightly Salted Crisps 150G,£1.15,£0.77/100g,,,False,,False,3.5,95,False,https://www.tesco.com/groceries/en-GB/products/252688220,https://digitalcontent.api.tesco.com/v2/media/ghs/3b0d0ca1-ae16-4989-a255-2e4834d90f4f/59b2db0a-d1c7-4710-b80d-3847fecffa13_838332898.jpeg?h=225&w=225,Food Cupboard,"Crisps, Snacks, Nuts & Popcorn"
293272004,Tesco Finest Hand Cooked Crisps - Sea Salt & Black Pepper 150g,£1.15,£0.77/100g,,,False,,False,3.6,80,False,https://www.tesco.com/groceries/en-GB/products/293272004,https://digitalcontent.api.tesco.com/v2/media/ghs/d5ee54f1-43bd-432d-bb76-309c67112650/ab5a16cd-6876-410b-b0dc-044da91ae842_1383964517.jpeg?h=225&w=225,Food Cupboard,"Crisps, Snacks, Nuts & Popcorn"
293193570,Tesco Bunny Bites Snacks 6 X 19 G,£1.35,£1.18/100g,,,False,,False,4.3,49,False,https://www.tesco.com/groceries/en-GB/products/293193570,https://digitalcontent.api.tesco.com/v2/media/ghs/0b0357ca-753b-4aef-9c19-c6115d7ce94e/7793f97c-db41-42c1-aec5-69981ac09c15_1702211378.jpeg?h=225&w=225,Food Cupboard,"Crisps, Snacks, Nuts & Popcorn"
280663792,Tesco Sweet & Salted Popcorn 110G,£0.99,£0.90/100g,,,False,,False,4.6,73,False,https://www.tesco.com/groceries/en-GB/products/280663792,https://digitalcontent.api.tesco.com/v2/media/ghs/205964ba-10ff-49af-b923-87c72f38d0ba/7158aa90-c161-4226-962a-d44d2602358b_1605441583.jpeg?h=225&w=225,Food Cupboard,"Crisps, Snacks, Nuts & Popcorn"
313966680,Tesco Finest Thai Inspired Sweet Chilli Crisps 150G,£1.15,£0.77/100g,,,False,,False,3.6,10,False,https://www.tesco.com/groceries/en-GB/products/313966680,https://digitalcontent.api.tesco.com/v2/media/ghs/f7d90fb2-c852-4a0f-b128-1e1dfd868750/7731709f-0c3c-4969-befe-bfade42b986a_781618410.jpeg?h=225&w=225,Food Cupboard,"Crisps, Snacks, Nuts & Popcorn"
301970829,Stockwell & Co Roasted & Salted Cashews 125G,£0.99,£7.92/kg,,,False,,False,4.2,95,False,https://www.tesco.com/groceries/en-GB/products/301970829,https://digitalcontent.api.tesco.com/v2/media/ghs/ea96f14d-a85e-41e7-b987-785ceabd48af/7d3d62cd-8b28-46a8-bc18-945fd32ac213_1133365901.jpeg?h=225&w=225,Food Cupboard,"Crisps, Snacks, Nuts & Popcorn"
254926662,Tesco Ready Salted Crisps 6X25g,£1.00,£0.67/100g,,,False,,False,3.3,82,False,https://www.tesco.com/groceries/en-GB/products/254926662,https://digitalcontent.api.tesco.com/v2/media/ghs/730f2d94-183a-4e31-99eb-5fa3a9fc2c6c/e6b14d74-e08f-4e08-8d9d-6ace9f0aea21_130018982.jpeg?h=225&w=225,Food Cupboard,"Crisps, Snacks, Nuts & Popcorn"
260085466,Tesco Salt & Vinegar Twirls 125g,£1.00,£0.80/100g,,,False,,False,2.9,47,False,https://www.tesco.com/groceries/en-GB/products/260085466,https://digitalcontent.api.tesco.com/v2/media/ghs/fb43fbaf-74d9-417b-a210-7180e0f6a410/5ea175d8-db94-4209-9d42-4758dc05b77a_582383192.jpeg?h=225&w=225,Food Cupboard,"Crisps, Snacks, Nuts & Popcorn"
254973150,Tesco Potato Chip Snacks 150G,£1.00,£0.67/100g,,,False,,False,4.5,86,False,https://www.tesco.com/groceries/en-GB/products/254973150,https://digitalcontent.api.tesco.com/v2/media/ghs/b385b22c-292f-4b24-a1d3-157be5f0b4c0/9514daba-d1c9-4d84-a7e1-476c107d2b7e_33179220.jpeg?h=225&w=225,Food Cupboard,"Crisps, Snacks, Nuts & Popcorn"
254926725,Tesco Cheese & Onion Crisps 6X25g,£1.00,£0.67/100g,,,False,,False,3.9,76,False,https://www.tesco.com/groceries/en-GB/products/254926725,https://digitalcontent.api.tesco.com/v2/media/ghs/11fd2d4a-b42b-4845-b0e2-ea341d55d9b6/fd5950e3-b7d7-41ef-8257-8d26c14220f0_1805835814.jpeg?h=225&w=225,Food Cupboard,"Crisps, Snacks, Nuts & Popcorn"
306663962,Stockwell & Co. Ready Salted Crisps 6X25g,£0.85,£0.57/100g,,,False,,False,3.9,95,False,https://www.tesco.com/groceries/en-GB/products/306663962,https://digitalcontent.api.tesco.com/v2/media/ghs/8a65528d-c1b0-484c-bcb5-827dbd7cd7eb/480c3d79-3ad3-4057-9782-d009be87a620_1343208230.jpeg?h=225&w=225,Food Cupboard,"Crisps, Snacks, Nuts & Popcorn"
300273874,Stockwell & Co Lightly Salted Tortilla 200G,£0.57,£0.28/100g,,,False,,False,3.4,111,False,https://www.tesco.com/groceries/en-GB/products/300273874,https://digitalcontent.api.tesco.com/v2/media/ghs/f005784b-b8da-4474-b75b-389c6c9bbcfe/057dd4f4-febc-4994-8ca1-b74e8943556b_549084416.jpeg?h=225&w=225,Food Cupboard,"Crisps, Snacks, Nuts & Popcorn"
300283810,Stockwell & Co Roasted & Salted Peanuts 200G,£0.59,£2.95/kg,,,False,,False,3.2,90,False,https://www.tesco.com/groceries/en-GB/products/300283810,https://digitalcontent.api.tesco.com/v2/media/ghs/25172fda-8942-4ea4-8f40-aba3de7e98e2/01b128fa-4d53-4dd9-b0c4-33bed9a969e1_792037558.jpeg?h=225&w=225,Food Cupboard,"Crisps, Snacks, Nuts & Popcorn"
304409853,Tesco Honey Roast Peanuts & Cashews 200G,£2.90,£14.50/kg,,,False,,False,4.4,64,False,https://www.tesco.com/groceries/en-GB/products/304409853,https://digitalcontent.api.tesco.com/v2/media/ghs/b521687e-f595-45c8-987f-5087ff4d3591/c5feabd8-84f9-4d18-96c8-c379cf650511_414329605.jpeg?h=225&w=225,Food Cupboard,"Crisps, Snacks, Nuts & Popcorn"
299577245,Kp Original Salted Peanuts 250G,£3.25,£13.00/kg,,,False,,False,4.7,57,False,https://www.tesco.com/groceries/en-GB/products/299577245,https://digitalcontent.api.tesco.com/v2/media/ghs/0b4b31d9-472e-47cd-80f5-4412e0e83a97/8d3fb1bf-3ffd-4327-99ef-34c3820c3e17_1025476309.jpeg?h=225&w=225,Food Cupboard,"Crisps, Snacks, Nuts & Popcorn"
297385262,Tesco Jumbo Roasted Cashews - Salted 150g,£3.25,£21.67/kg,,,False,,False,4.8,41,False,https://www.tesco.com/groceries/en-GB/products/297385262,https://digitalcontent.api.tesco.com/v2/media/ghs/882a8c24-6aeb-43e9-81e6-01129fdd6d98/04566f0e-3637-499a-9337-8ee708b27b9a_1364539755.jpeg?h=225&w=225,Food Cupboard,"Crisps, Snacks, Nuts & Popcorn"
302036939,Hula Hoops Original Crisps Multipack 12X24g,£3.50,£1.22/100g,,,False,,False,4.7,35,False,https://www.tesco.com/groceries/en-GB/products/302036939,https://digitalcontent.api.tesco.com/v2/media/ghs/783f327e-5da2-4510-971f-1ed99ae8f521/dbc68e32-0bea-49da-8998-2ec331fc7837_1626983946.jpeg?h=225&w=225,Food Cupboard,"Crisps, Snacks, Nuts & Popcorn"
302036830,Hula Hoops Variety Pack 12X24g,,,,,False,,False,4.8,84,False,https://www.tesco.com/groceries/en-GB/products/302036830,https://digitalcontent.api.tesco.com/v2/media/ghs/e8b1effe-f51d-42c3-98ae-6a84e45887d2/77e55a6f-0ed0-405c-9e64-ee15574946d8_160390983.jpeg?h=225&w=225,Food Cupboard,"Crisps, Snacks, Nuts & Popcorn"
313179655,Capsicana Tortilla Chips Lightly Salted 170g,£2.35,£1.38/100g,,,False,,False,4.9,30,False,https://www.tesco.com/groceries/en-GB/products/313179655,https://digitalcontent.api.tesco.com/v2/media/ghs/d1b3f904-882d-4daf-960b-c5185a52421b/4db640a7-929a-48ba-8a62-20d185ee0f8e_1702379202.jpeg?h=225&w=225,Food Cupboard,"Crisps, Snacks, Nuts & Popcorn"
299913355,Walkers Cheese & Onion Multipack Crisps 12x25g,£3.00,£1.00/100g,,,False,,False,4.2,26,False,https://www.tesco.com/groceries/en-GB/products/299913355,https://digitalcontent.api.tesco.com/v2/media/ghs/9542839c-d581-43cc-8a4d-66774cd0649a/a953069e-7175-4d62-86b4-79994396a9a8_1504896719.jpeg?h=225&w=225,Food Cupboard,"Crisps, Snacks, Nuts & Popcorn"
311943407,Walkers Baked Cheese & Onion Multipack Crisps 6x22g,£2.20,£1.67/100g,,,False,,False,2.7,20,False,https://www.tesco.com/groceries/en-GB/products/311943407,https://digitalcontent.api.tesco.com/v2/media/ghs/c0b5d1f5-3771-4f9b-a90a-794e92049ad6/62cb2dcc-371c-4045-b517-642621e29957_2041910481.jpeg?h=225&w=225,Food Cupboard,"Crisps, Snacks, Nuts & Popcorn"
254928412,Walkers French Fries Variety Multipack Crisps 6x18g,£2.20,£2.04/100g,,,False,,False,3.6,9,False,https://www.tesco.com/groceries/en-GB/products/254928412,https://digitalcontent.api.tesco.com/v2/media/ghs/ca5077bb-29c4-47cf-8c15-01c1bdd61495/1747f2ad-30c6-4c2e-8202-822fe2f22deb_352267671.jpeg?h=225&w=225,Food Cupboard,"Crisps, Snacks, Nuts & Popcorn"
282799976,Walkers Sensations Coated Peanuts Thai Sweet Chilli 150g,£2.50,£16.67/kg,,,False,,False,3.1,8,False,https://www.tesco.com/groceries/en-GB/products/282799976,https://digitalcontent.api.tesco.com/v2/media/ghs/45a2388f-d4df-445c-b6ef-1d56e4d9958f/b34c1c2e-2b5d-45aa-89ff-d5cfa6203005_287128499.jpeg?h=225&w=225,Food Cupboard,"Crisps, Snacks, Nuts & Popcorn"
278583995,Walkers French Fries Ready Salted Multipack Crisps 6x18g,£2.20,£2.04/100g,,,False,,False,4.4,7,False,https://www.tesco.com/groceries/en-GB/products/278583995,https://digitalcontent.api.tesco.com/v2/media/ghs/7a3e3181-742b-4791-96d4-bae5d4be194a/ab3dd779-d3bb-4b24-a924-86c9b70f3054_1797470338.jpeg?h=225&w=225,Food Cupboard,"Crisps, Snacks, Nuts & Popcorn"
261495181,Walkers Wotsits Cheese Multipack Crisps 12x16.5g,£3.00,£1.52/100g,,,False,,False,3.7,7,False,https://www.tesco.com/groceries/en-GB/products/261495181,https://digitalcontent.api.tesco.com/v2/media/ghs/890488d7-5a65-42bc-940d-ca5871f364d0/c1703e72-c3e4-42e8-b6fc-ff90cfc3d705_798290196.jpeg?h=225&w=225,Food Cupboard,"Crisps, Snacks, Nuts & Popcorn"
271208916,Tyrrells Sea Salted & Cider Vinegar Crisps 150G,£2.50,£1.67/100g,£1.75 Clubcard Price,(£1.17/100g),True,Offer valid for delivery from 26/03/2025 until 25/05/2025,False,4.8,80,False,https://www.tesco.com/groceries/en-GB/products/271208916,https://digitalcontent.api.tesco.com/v2/media/ghs/814a2d78-a1ab-4ff1-a07a-6f442c64b003/40414e98-8935-4909-8a8c-a1849d8a9543_752832771.jpeg?h=225&w=225,Food Cupboard,"Crisps, Snacks, Nuts & Popcorn"
271208951,Tyrrells Mature Cheddar & Chive Crisps 150g,£2.50,£1.67/100g,£1.75 Clubcard Price,(£1.17/100g),True,Offer valid for delivery from 26/03/2025 until 25/05/2025,False,4.7,79,False,https://www.tesco.com/groceries/en-GB/products/271208951,https://digitalcontent.api.tesco.com/v2/media/ghs/14b6b770-e1c7-4b77-a9df-b4d6c679f3dc/c79f41df-23ec-440f-9598-a5b10ee8e116_232830976.jpeg?h=225&w=225,Food Cupboard,"Crisps, Snacks, Nuts & Popcorn"
297511920,Propercorn Sweet & Salty Popcorn 6X14g,£1.90,£2.26/100g,,,False,,False,3.7,16,False,https://www.tesco.com/groceries/en-GB/products/297511920,https://digitalcontent.api.tesco.com/v2/media/ghs/e9783c14-2c4a-4e01-bc99-0ad13a568ab3/abc4ab48-e6d0-431c-94ee-3a758a0d28df_1157982507.jpeg?h=225&w=225,Food Cupboard,"Crisps, Snacks, Nuts & Popcorn"
265879153,Tesco Crispy Coated Peanuts - Sweet Chilli 200g,£2.00,£10.00/kg,,,False,,False,3.8,49,False,https://www.tesco.com/groceries/en-GB/products/265879153,https://digitalcontent.api.tesco.com/v2/media/ghs/68d7c11c-ce05-458f-85f5-b298a4a07a2d/beb4b988-49b5-4c85-bd7f-1fbc15d693dc_1805626882.jpeg?h=225&w=225,Food Cupboard,"Crisps, Snacks, Nuts & Popcorn"
297512084,Tesco Salted Roasted Peanuts 550g,£2.30,£4.18/kg,,,False,,False,2.4,66,False,https://www.tesco.com/groceries/en-GB/products/297512084,https://digitalcontent.api.tesco.com/v2/media/ghs/0cbf77a0-2450-43ee-afbb-fffe6860047a/547e2623-5781-4de4-bfe9-09a8776bcabd_950726249.jpeg?h=225&w=225,Food Cupboard,"Crisps, Snacks, Nuts & Popcorn"
297508936,Tesco Dry Roasted Peanuts 200G,£1.35,£6.75/kg,,,False,,False,2.9,49,False,https://www.tesco.com/groceries/en-GB/products/297508936,https://digitalcontent.api.tesco.com/v2/media/ghs/b57d1126-e71f-4aad-8902-6931265ae2bc/b96aeeee-5097-4e40-bd25-9428991ea375_1355288377.jpeg?h=225&w=225,Food Cupboard,"Crisps, Snacks, Nuts & Popcorn"
308856092,Pringles Original Sharing Crisps 165g,£2.25,£1.36/100g,,,False,,False,4.6,14,False,https://www.tesco.com/groceries/en-GB/products/308856092,https://digitalcontent.api.tesco.com/v2/media/ghs/400109f7-b916-4010-9c7b-9c64dac696fd/9acbb6c7-ccbe-472e-859c-60c1897a9168_952282598.jpeg?h=225&w=225,Food Cupboard,"Crisps, Snacks, Nuts & Popcorn"
288016201,Walkers Sensations Roast Chicken & Thyme Sharing Bag Crisps 150g,£2.50,£1.67/100g,£1.50 Clubcard Price,(£1.00/100g),True,Offer valid for delivery from 02/04/2025 until 27/05/2025,False,4.6,48,False,https://www.tesco.com/groceries/en-GB/products/288016201,https://digitalcontent.api.tesco.com/v2/media/ghs/868fc97b-0dad-403a-b81a-669dce6e143b/044a6066-d984-42b7-b6ac-fa04af452347_1107719806.jpeg?h=225&w=225,Food Cupboard,"Crisps, Snacks, Nuts & Popcorn"
264339339,Walkers Sensations Poppadoms Lime & Coriander Sharing Bag 82.5g,£2.50,£3.03/100g,£1.50 Clubcard Price,(£1.82/100g),True,Offer valid for delivery from 02/04/2025 until 27/05/2025,False,4.3,19,False,https://www.tesco.com/groceries/en-GB/products/264339339,https://digitalcontent.api.tesco.com/v2/media/ghs/e5892f92-f43a-401c-83c4-b86d882726d3/8eedbcc1-51f9-4fd8-9916-373cad78a281_2118889493.jpeg?h=225&w=225,Food Cupboard,"Crisps, Snacks, Nuts & Popcorn"
305519813,Magicorn Eazy Pop Microwave Popcorn - Sweet 85g,£0.90,£1.06/100g,,,False,,False,3.5,2,False,https://www.tesco.com/groceries/en-GB/products/305519813,https://digitalcontent.api.tesco.com/v2/media/ghs/4826a358-c57c-46dc-8c8b-ed1aae2b96f4/94eb57cc-7c87-4a17-a6ed-b942bb5b0132_176831462.jpeg?h=225&w=225,Food Cupboard,"Crisps, Snacks, Nuts & Popcorn"
302302249,Wheat Crunchies Crispy Bacon 6 X 20G,£1.50,£1.25/100g,,,False,,False,2.9,20,False,https://www.tesco.com/groceries/en-GB/products/302302249,https://digitalcontent.api.tesco.com/v2/media/ghs/d62dceca-824f-4904-8f81-14638343d1bc/6d3abe23-80fe-4a94-8901-264fd05d5bdd_879221199.jpeg?h=225&w=225,Food Cupboard,"Crisps, Snacks, Nuts & Popcorn"
264441321,Sunbites Sun Ripened Sweet Chilli Multipack Crisps 6x25g,£2.00,£1.33/100g,£1.50 Save 25% Clubcard Price,(£1.00/100g),True,Offer valid for delivery from 26/03/2025 until 22/04/2025,False,4.5,13,False,https://www.tesco.com/groceries/en-GB/products/264441321,https://digitalcontent.api.tesco.com/v2/media/ghs/af9fb9d3-97c5-44d0-8955-5a5cb6816065/489b8453-5d63-4ba7-8b2c-ebd845013a18_1801422880.jpeg?h=225&w=225,Food Cupboard,"Crisps, Snacks, Nuts & Popcorn"
306500758,Kettle Lightly Salted Potato Chips 130G,£2.40,£1.85/100g,£1.50 Clubcard Price,(£1.15/100g),True,Offer valid for delivery from 26/03/2025 until 22/04/2025,False,3.1,13,False,https://www.tesco.com/groceries/en-GB/products/306500758,https://digitalcontent.api.tesco.com/v2/media/ghs/fc143557-5229-4658-a177-682659e504e4/d057974c-b1b9-4c87-8b7d-a51ea6fe5a09_893144291.jpeg?h=225&w=225,Food Cupboard,"Crisps, Snacks, Nuts & Popcorn"
306652664,Kettle Sea Salt & Balsamic Vinegar Potato Chips 130G,£2.40,£1.85/100g,£1.50 Clubcard Price,(£1.15/100g),True,Offer valid for delivery from 26/03/2025 until 22/04/2025,False,1.9,10,False,https://www.tesco.com/groceries/en-GB/products/306652664,https://digitalcontent.api.tesco.com/v2/media/ghs/3d94b99b-62d1-4e7c-8a70-c7d95f087db7/cf3a5f1b-09b6-4633-8ad8-7cb330e5ac5d_858879226.jpeg?h=225&w=225,Food Cupboard,"Crisps, Snacks, Nuts & Popcorn"
305036998,Nik Naks Nice & Spicy Corn Snacks 6X20g,£1.50,£1.25/100g,,,False,,False,4.8,60,False,https://www.tesco.com/groceries/en-GB/products/305036998,https://digitalcontent.api.tesco.com/v2/media/ghs/6b74a091-7543-4855-8bef-3bd2021c80f7/55896296-0e10-4e33-9884-059980ca2dd1_1194691449.jpeg?h=225&w=225,Food Cupboard,"Crisps, Snacks, Nuts & Popcorn"
297512245,Tesco Sweet & Salted Popcorn 6X14g,£1.60,£1.90/100g,,,False,,False,4.5,51,False,https://www.tesco.com/groceries/en-GB/products/297512245,https://digitalcontent.api.tesco.com/v2/media/ghs/7cd46346-c804-4eff-880c-893fe2151aea/c19e8bcf-e87a-4dcd-a26e-7972d60002da_1317609567.jpeg?h=225&w=225,Food Cupboard,"Crisps, Snacks, Nuts & Popcorn"
300273056,Tesco Ridge Meaty Variety Pack Crisps 6x30g,£1.60,£0.89/100g,,,False,,False,3.9,43,False,https://www.tesco.com/groceries/en-GB/products/300273056,https://digitalcontent.api.tesco.com/v2/media/ghs/423765a5-af81-446f-8302-d7456e759ca3/c1a184f7-116e-4db7-883b-a6d876ccaca0_786907735.jpeg?h=225&w=225,Food Cupboard,"Crisps, Snacks, Nuts & Popcorn"
308471258,Space Raiders Beef Flavoured Corn Snacks 6X13g,£1.50,£1.92/100g,,,False,,False,4.5,34,False,https://www.tesco.com/groceries/en-GB/products/308471258,https://digitalcontent.api.tesco.com/v2/media/ghs/438faf9d-9ea0-40b7-bb01-f56244aef9b5/c3fda550-a0c0-4c3f-978f-61fe004aa821_742422924.jpeg?h=225&w=225,Food Cupboard,"Crisps, Snacks, Nuts & Popcorn"
311264505,Walkers Lightly Salted Less Salt Multipack Crisps 6x25g,£2.00,£1.33/100g,£1.65 Clubcard Price,(£1.10/100g),True,Offer valid for delivery from 26/03/2025 until 22/04/2025,False,4.2,41,False,https://www.tesco.com/groceries/en-GB/products/311264505,https://digitalcontent.api.tesco.com/v2/media/ghs/373ebf32-fc02-4bcc-9089-4005d1845372/b60e1a0a-1fec-4948-a0ec-3e6a994d7b05_297052146.jpeg?h=225&w=225,Food Cupboard,"Crisps, Snacks, Nuts & Popcorn"
311446627,Walkers Monster Munch Pickled Onion Multipack Crisps 6x20g,£2.20,£1.83/100g,£1.50 Clubcard Price,(£1.25/100g),True,Offer valid for delivery from 26/03/2025 until 22/04/2025,False,3.9,11,False,https://www.tesco.com/groceries/en-GB/products/311446627,https://digitalcontent.api.tesco.com/v2/media/ghs/09c33b8c-5fc0-4e30-bc92-caf31f0049df/e856672c-15bd-4892-bb74-351658201ff3_1559657103.jpeg?h=225&w=225,Food Cupboard,"Crisps, Snacks, Nuts & Popcorn"
254423859,Walkers Wotsits Cheese Multipack Crisps 6x16.5g,£2.20,£2.22/100g,£1.50 Clubcard Price,(£1.52/100g),True,Offer valid for delivery from 26/03/2025 until 22/04/2025,False,4.1,15,False,https://www.tesco.com/groceries/en-GB/products/254423859,https://digitalcontent.api.tesco.com/v2/media/ghs/199b9fb6-9cb0-40f8-a5bf-9da177ad1a5d/f5426651-56ce-4efd-8c93-f4016215acd6_754387401.jpeg?h=225&w=225,Food Cupboard,"Crisps, Snacks, Nuts & Popcorn"
260085351,Tesco Cheese Balls Snacks 150G,£1.00,£0.67/100g,,,False,,False,,93,False,https://www.tesco.com/groceries/en-GB/products/260085351,https://digitalcontent.api.tesco.com/v2/media/ghs/78120642-98d1-4577-9586-89337c4a0eee/8d827475-b244-46b4-93b7-1ca3d9915234_243463875.jpeg?h=225&w=225,Food Cupboard,"Crisps, Snacks, Nuts & Popcorn"
297048777,Tesco Finest Lightly Sea Salted Crinkle Cut Crisps 150G,£1.15,£0.77/100g,,,False,,False,3.8,107,False,https://www.tesco.com/groceries/en-GB/products/297048777,https://digitalcontent.api.tesco.com/v2/media/ghs/bcba77bf-43a4-472b-b851-7133aaa508a9/ff4d6d4a-20e2-4cd6-ac2a-88323b314ed4_1809826294.jpeg?h=225&w=225,Food Cupboard,"Crisps, Snacks, Nuts & Popcorn"
254926691,Tesco Salt & Vinegar Crisps 6X25g,£1.00,£0.67/100g,,,False,,False,3.7,46,False,https://www.tesco.com/groceries/en-GB/products/254926691,https://digitalcontent.api.tesco.com/v2/media/ghs/584be571-28bf-4917-9189-8f451dd8084a/9659e5f3-7f97-4698-8f29-36a0d51ea227_720848604.jpeg?h=225&w=225,Food Cupboard,"Crisps, Snacks, Nuts & Popcorn"
254927010,Tesco Variety Crisps 6X25g,£1.00,£0.67/100g,,,False,,False,3.8,48,False,https://www.tesco.com/groceries/en-GB/products/254927010,https://digitalcontent.api.tesco.com/v2/media/ghs/dc36a6c1-2b9c-44e2-acb1-426174593792/05dbd0d1-3fba-4c6a-940c-dce10a905456_1514723346.jpeg?h=225&w=225,Food Cupboard,"Crisps, Snacks, Nuts & Popcorn"
250089080,Tesco Cheese Savouries Snacks 250G,£1.00,£0.40/100g,,,False,,False,3.7,69,False,https://www.tesco.com/groceries/en-GB/products/250089080,https://digitalcontent.api.tesco.com/v2/media/ghs/9c76f8b7-914b-49e0-b8d3-a9858fa9fc15/72262ecb-405b-4e76-b4d0-28399c0d3859_2023454376.jpeg?h=225&w=225,Food Cupboard,"Crisps, Snacks, Nuts & Popcorn"
299581619,Kp Dry Roasted Peanuts 250G,£3.25,£13.00/kg,,,False,,False,4.6,54,False,https://www.tesco.com/groceries/en-GB/products/299581619,https://digitalcontent.api.tesco.com/v2/media/ghs/b870a56c-0943-483c-9f56-df12ab76f73b/ec6a0115-0672-4086-9f5b-6db28f277815_1716359071.jpeg?h=225&w=225,Food Cupboard,"Crisps, Snacks, Nuts & Popcorn"
297385240,Tesco Salted Roasted Cashews 150g,£2.65,£17.67/kg,,,False,,False,4.8,51,False,https://www.tesco.com/groceries/en-GB/products/297385240,https://digitalcontent.api.tesco.com/v2/media/ghs/b6a38e53-3fc4-4222-808c-4c4839852064/7199fc8c-31b8-4ed4-8617-b18a7248bf52_1541340656.jpeg?h=225&w=225,Food Cupboard,"Crisps, Snacks, Nuts & Popcorn"
300201309,Kp Original Salted Peanuts 415G,£4.25,£10.24/kg,£3.75 Clubcard Price,(£9.04/kg),True,Offer valid for delivery from 26/03/2025 until 22/04/2025,False,4.7,64,False,https://www.tesco.com/groceries/en-GB/products/300201309,https://digitalcontent.api.tesco.com/v2/media/ghs/30aae6d1-d6c3-47b0-9a7f-3afb613760bb/ad9e65d2-2bc4-4776-9054-1b88b0690999_255940380.jpeg?h=225&w=225,Food Cupboard,"Crisps, Snacks, Nuts & Popcorn"
250218366,Tesco Unsalted Mixed Nuts & Raisins 500G,£3.00,£6.00/kg,,,False,,False,3.1,74,False,https://www.tesco.com/groceries/en-GB/products/250218366,https://digitalcontent.api.tesco.com/v2/media/ghs/b3b58f8e-8a0b-4ab9-af76-e7300df85059/e4197f2d-a45f-49d7-a60d-1f9826802d4e_1596036686.jpeg?h=225&w=225,Food Cupboard,"Crisps, Snacks, Nuts & Popcorn"
297508873,Tesco Honey Roasted Cashews 150G,£2.65,£17.67/kg,,,False,,False,4.7,60,False,https://www.tesco.com/groceries/en-GB/products/297508873,https://digitalcontent.api.tesco.com/v2/media/ghs/dfdf82d8-6cac-49b1-9123-b36cc69d5966/b007b806-1400-491f-bcf6-c8e7451544cd_1060706517.jpeg?h=225&w=225,Food Cupboard,"Crisps, Snacks, Nuts & Popcorn"
267031030,Doritos Mild Salsa Dip 300g,£2.50,£0.83/100g,,,False,,False,,9,False,https://www.tesco.com/groceries/en-GB/products/267031030,https://digitalcontent.api.tesco.com/v2/media/ghs/a7360592-765c-4f25-b2e6-e8ad7f1aa15c/85f6ef17-8214-4145-b321-0c308ff80424_2029997015.jpeg?h=225&w=225,Food Cupboard,"Crisps, Snacks, Nuts & Popcorn"
309488813,Tesco Finest Root Vegetable With Sea Salt Crisps 125G,£2.35,£1.88/100g,,,False,,False,4.5,60,False,https://www.tesco.com/groceries/en-GB/products/309488813,https://digitalcontent.api.tesco.com/v2/media/ghs/3cc7fcc3-a4a9-4abe-85cf-332f86155456/4c91a445-67e6-4bd8-82b9-319f202df925_671191211.jpeg?h=225&w=225,Food Cupboard,"Crisps, Snacks, Nuts & Popcorn"
307351159,Snack a Jacks Salt & Vinegar Rice Cakes Multipack Snacks 5x19g,£2.20,£2.32/100g,,,False,,False,3.8,8,False,https://www.tesco.com/groceries/en-GB/products/307351159,https://digitalcontent.api.tesco.com/v2/media/ghs/e2e377f6-c91f-40bd-a77f-77e38e0395f2/496d7351-d290-4ada-b5c1-bc857f7e0b26_1654661030.jpeg?h=225&w=225,Food Cupboard,"Crisps, Snacks, Nuts & Popcorn"
305042316,Walkers Meaty Variety Multipack Crisps 12x25g,£3.00,£1.00/100g,,,False,,False,2.9,11,False,https://www.tesco.com/groceries/en-GB/products/305042316,https://digitalcontent.api.tesco.com/v2/media/ghs/8c7f5fa1-7365-491a-b1c1-2b22550938c0/46feafd5-8703-448f-b1a8-34d83476f50a_381352450.jpeg?h=225&w=225,Food Cupboard,"Crisps, Snacks, Nuts & Popcorn"
312106099,Walkers Baked Variety Multipack Crisps 6x22g,£2.20,£1.67/100g,,,False,,False,2.9,15,False,https://www.tesco.com/groceries/en-GB/products/312106099,https://digitalcontent.api.tesco.com/v2/media/ghs/f7685c0d-9932-4272-b66a-ec6cb3c7784f/91ae4f24-aa67-4289-a0e8-a1847eaeae5e_1812024995.jpeg?h=225&w=225,Food Cupboard,"Crisps, Snacks, Nuts & Popcorn"
311687736,Walkers Baked Salted Multipack Crisps 6x22g,£2.20,£1.67/100g,,,False,,False,3.5,17,False,https://www.tesco.com/groceries/en-GB/products/311687736,https://digitalcontent.api.tesco.com/v2/media/ghs/487681da-39fa-4bd4-aaf4-65326b8ebdff/2cf93d5c-0b92-421f-9a34-7eb112c12c7e_179374800.jpeg?h=225&w=225,Food Cupboard,"Crisps, Snacks, Nuts & Popcorn"
295649616,Butterkist Toffee Popcorn 170G,£2.00,£1.18/100g,£1.65 Clubcard Price,(£0.97/100g),True,Offer valid for delivery from 26/03/2025 until 22/04/2025,False,4.7,60,False,https://www.tesco.com/groceries/en-GB/products/295649616,https://digitalcontent.api.tesco.com/v2/media/ghs/98cfe52b-cdf8-41ff-a0d0-c4696282cb35/cc3e7e5b-1c49-4867-8b76-b9804704b71d_82750171.jpeg?h=225&w=225,Food Cupboard,"Crisps, Snacks, Nuts & Popcorn"
275237264,Popchips Bbq Popped Chips 85G,£2.25,£2.65/100g,,,False,,False,4.5,46,False,https://www.tesco.com/groceries/en-GB/products/275237264,https://digitalcontent.api.tesco.com/v2/media/ghs/e9b99109-e15e-40fa-ae0a-2c84d25d377b/94a7dca1-3cc4-43cd-a662-a2ed2208f3ec_1095333261.jpeg?h=225&w=225,Food Cupboard,"Crisps, Snacks, Nuts & Popcorn"
309760940,Mccoy's Thai Sweet Chicken Ridge Cut Crisps 6X25g,£2.35,£1.57/100g,,,False,,False,4.8,42,False,https://www.tesco.com/groceries/en-GB/products/309760940,https://digitalcontent.api.tesco.com/v2/media/ghs/81356302-d629-4fda-aa49-60a18a956fe3/9a2da06e-361c-4cd4-a724-632bd87ca53f_544972749.jpeg?h=225&w=225,Food Cupboard,"Crisps, Snacks, Nuts & Popcorn"
303485250,Mccoy's Cheddar & Onion Crisps 6X25g,£2.35,£1.57/100g,,,False,,False,4.4,31,False,https://www.tesco.com/groceries/en-GB/products/303485250,https://digitalcontent.api.tesco.com/v2/media/ghs/a3e70dae-bdbb-41bf-b0e7-8d168e1da15b/64b52948-1bb2-4c7f-8b45-14bbe9a1e956_2122157835.jpeg?h=225&w=225,Food Cupboard,"Crisps, Snacks, Nuts & Popcorn"
292671743,Walkers Bugles Southern Style BBQ Sharing Bag Crisps 110g,£1.50,£1.36/100g,,,False,,False,4.9,10,False,https://www.tesco.com/groceries/en-GB/products/292671743,https://digitalcontent.api.tesco.com/v2/media/ghs/912ce8f9-a7c5-48df-91ad-70b574f959d9/e9e1f076-6a87-4a6a-915b-2d06931fa7da_1486071779.jpeg?h=225&w=225,Food Cupboard,"Crisps, Snacks, Nuts & Popcorn"
297511989,Tesco Salted Roasted Peanuts 200g,£1.35,£6.75/kg,,,False,,False,,41,False,https://www.tesco.com/groceries/en-GB/products/297511989,https://digitalcontent.api.tesco.com/v2/media/ghs/6526546a-3516-41b0-b845-9e50651f0648/c53fec2c-7a95-4b8b-9b25-f6674d1e5abc_847678732.jpeg?h=225&w=225,Food Cupboard,"Crisps, Snacks, Nuts & Popcorn"
254168775,Penn State Salted Pretzels 175G,£1.50,£0.86/100g,,,False,,False,4.5,57,False,https://www.tesco.com/groceries/en-GB/products/254168775,https://digitalcontent.api.tesco.com/v2/media/ghs/7c1c1346-a109-4496-a61c-3acee0bb0c4e/83ec45b2-0030-41a1-bd73-edc7d2e2e9be_2533540.jpeg?h=225&w=225,Food Cupboard,"Crisps, Snacks, Nuts & Popcorn"
254169215,Penn State Baked Pretzels - Sour Cream & Chive 175g,£1.50,£0.86/100g,,,False,,False,4.7,57,False,https://www.tesco.com/groceries/en-GB/products/254169215,https://digitalcontent.api.tesco.com/v2/media/ghs/abfc7d9a-697c-4bd7-a0de-1c1ccfef2756/4d9e5765-bda2-4f84-b8f9-c572628d12b1_2106570179.jpeg?h=225&w=225,Food Cupboard,"Crisps, Snacks, Nuts & Popcorn"
308832114,Pringles Salt & Vinegar Sharing Crisps 165g,£2.25,£1.36/100g,,,False,,False,,,False,https://www.tesco.com/groceries/en-GB/products/308832114,https://digitalcontent.api.tesco.com/v2/media/ghs/3b85acca-23b9-4528-bcbc-7917abff3893/9b083f6a-9cf8-4109-b9ca-85e917d23645_1210952250.jpeg?h=225&w=225,Food Cupboard,"Crisps, Snacks, Nuts & Popcorn"
286717417,Tesco Variety Crisps 30X25g,£4.50,£0.60/100g,,,False,,False,3.3,64,False,https://www.tesco.com/groceries/en-GB/products/286717417,https://digitalcontent.api.tesco.com/v2/media/ghs/20800174-6711-48c2-946f-d421b018f998/cf21b35d-c3ac-4a9c-8b02-d55a6fe87145_1113188851.jpeg?h=225&w=225,Food Cupboard,"Crisps, Snacks, Nuts & Popcorn"
286717509,Tesco Meaty Variety Crisps 30X25g,£4.50,£0.60/100g,,,False,,False,3.5,61,False,https://www.tesco.com/groceries/en-GB/products/286717509,https://digitalcontent.api.tesco.com/v2/media/ghs/02cde756-2f8e-46e8-a4de-02f4f1bfa075/bea8d4e6-2bd1-43b8-8028-bd6198105304_1317803052.jpeg?h=225&w=225,Food Cupboard,"Crisps, Snacks, Nuts & Popcorn"
287135827,Kp Hula Hoops Salt & Vinegar 6X24g,£2.25,£1.56/100g,£1.75 Clubcard Price,(£1.22/100g),True,Offer valid for delivery from 26/03/2025 until 22/04/2025,False,4.9,49,False,https://www.tesco.com/groceries/en-GB/products/287135827,https://digitalcontent.api.tesco.com/v2/media/ghs/d7c64eaf-357d-40d6-9566-67ed36d90521/0c83bfd5-ef3c-417b-8928-10893bd7e447_1664126910.jpeg?h=225&w=225,Food Cupboard,"Crisps, Snacks, Nuts & Popcorn"
267349622,Walkers Sensations Balsamic Vinegar & Onion Crisps 150g,£2.50,£1.67/100g,£1.50 Clubcard Price,(£1.00/100g),True,Offer valid for delivery from 02/04/2025 until 20/05/2025,False,2.5,24,False,https://www.tesco.com/groceries/en-GB/products/267349622,https://digitalcontent.api.tesco.com/v2/media/ghs/cee0d579-043a-4b79-ae9c-badc826017c1/72b244b6-6bbc-4a81-9257-68ae252b97d4_1298770341.jpeg?h=225&w=225,Food Cupboard,"Crisps, Snacks, Nuts & Popcorn"
296801901,Walkers Sensations Poppadoms Mango & Chilli Sharing Bag 82.5g,£2.50,£3.03/100g,£1.50 Clubcard Price,(£1.82/100g),True,Offer valid for delivery from 02/04/2025 until 27/05/2025,False,4.6,11,False,https://www.tesco.com/groceries/en-GB/products/296801901,https://digitalcontent.api.tesco.com/v2/media/ghs/ca38401f-12c7-4b74-b0c1-2b4a1e7fe0ca/4bd1af28-7b48-404b-8319-001f3aeb06c8_951139661.jpeg?h=225&w=225,Food Cupboard,"Crisps, Snacks, Nuts & Popcorn"
254927131,Walkers Classic Variety Multipack Crisps 6x25g,£2.00,£1.33/100g,£1.65 Clubcard Price,(£1.10/100g),True,Offer valid for delivery from 26/03/2025 until 22/04/2025,False,4.4,5,False,https://www.tesco.com/groceries/en-GB/products/254927131,https://digitalcontent.api.tesco.com/v2/media/ghs/73be4593-fb6d-43f8-a9d3-0da9011fd2df/d376f85c-dcf5-4287-b2d9-4e11a64c9d41_49927784.jpeg?h=225&w=225,Food Cupboard,"Crisps, Snacks, Nuts & Popcorn"
310179320,Pringles Texas Bbq Crisps 165G,£2.25,£1.36/100g,,,False,,False,4.4,5,False,https://www.tesco.com/groceries/en-GB/products/310179320,https://digitalcontent.api.tesco.com/v2/media/ghs/a7435728-e9b1-48e5-b37c-13dd1c5b3303/02a12ae2-2d9f-4b15-aa49-a36c66d1a0b9_1939116142.jpeg?h=225&w=225,Food Cupboard,"Crisps, Snacks, Nuts & Popcorn"
311207091,Walkers Mild Cheese & Onion Less Salt Multipack Crisps 6x25g,£2.00,£1.33/100g,£1.65 Clubcard Price,(£1.10/100g),True,Offer valid for delivery from 26/03/2025 until 22/04/2025,False,4.1,63,False,https://www.tesco.com/groceries/en-GB/products/311207091,https://digitalcontent.api.tesco.com/v2/media/ghs/c3e79ae0-6bee-4a51-8b45-1343408a137f/ad1f60ec-6ed3-4236-b509-193a16dc86eb_1109427854.jpeg?h=225&w=225,Food Cupboard,"Crisps, Snacks, Nuts & Popcorn"
297512061,Tesco Dry Roasted Peanuts 550G,£2.30,£4.18/kg,,,False,,False,3.7,70,False,https://www.tesco.com/groceries/en-GB/products/297512061,https://digitalcontent.api.tesco.com/v2/media/ghs/6e904918-f914-460b-8506-7467500d15d0/05834819-ae6e-4c5c-b9ea-69effe0caee9_1768531907.jpeg?h=225&w=225,Food Cupboard,"Crisps, Snacks, Nuts & Popcorn"
308081823,Popchips Bbq Flavour 5X17g,£2.00,£2.35/100g,£1.65 Clubcard Price,(£1.94/100g),True,Offer valid for delivery from 26/03/2025 until 22/04/2025,False,3.8,13,False,https://www.tesco.com/groceries/en-GB/products/308081823,https://digitalcontent.api.tesco.com/v2/media/ghs/c3c38d89-c463-47bb-9a0f-a08cb5d5ad5b/59646ca7-16b1-475a-9156-bf833cd3374b_155281133.jpeg?h=225&w=225,Food Cupboard,"Crisps, Snacks, Nuts & Popcorn"
310099380,Nik Naks Rib & Saucy Corn Snacks 6X20g,£1.50,£1.25/100g,,,False,,False,4.8,18,False,https://www.tesco.com/groceries/en-GB/products/310099380,https://digitalcontent.api.tesco.com/v2/media/ghs/c71fe4a5-8cf4-4b06-a133-75f3ca5d7116/d2259fcf-79a4-4d45-9f98-2e2e9616678d_655434804.jpeg?h=225&w=225,Food Cupboard,"Crisps, Snacks, Nuts & Popcorn"
250580505,Walkers Roast Chicken Multipack Crisps 6x25g,£2.00,£1.33/100g,£1.65 Clubcard Price,(£1.10/100g),True,Offer valid for delivery from 26/03/2025 until 22/04/2025,False,3.4,9,False,https://www.tesco.com/groceries/en-GB/products/250580505,https://digitalcontent.api.tesco.com/v2/media/ghs/48d19416-31bf-45cc-b73a-68262084bd15/eed382c0-0ca9-4d00-bcfd-23307b0cd365_456892475.jpeg?h=225&w=225,Food Cupboard,"Crisps, Snacks, Nuts & Popcorn"
311252577,Walkers Monster Munch Roast Beef Multipack Crisps 6x20g,£2.20,£1.83/100g,£1.50 Clubcard Price,(£1.25/100g),True,Offer valid for delivery from 26/03/2025 until 22/04/2025,False,,4,False,https://www.tesco.com/groceries/en-GB/products/311252577,https://digitalcontent.api.tesco.com/v2/media/ghs/01211b95-0315-4c50-8d57-8858613f8201/ba149fb8-fda0-4180-b9e9-ee94c299deed_1644916809.jpeg?h=225&w=225,Food Cupboard,"Crisps, Snacks, Nuts & Popcorn"
300161534,Tesco Salted Popcorn 85G,£0.99,£1.16/100g,,,False,,False,4.1,37,False,https://www.tesco.com/groceries/en-GB/products/300161534,https://digitalcontent.api.tesco.com/v2/media/ghs/5fefb290-cdd4-4715-9e98-7bebba599573/2afc85e7-5e5a-4b8b-9959-e3100ae939da_1984423988.jpeg?h=225&w=225,Food Cupboard,"Crisps, Snacks, Nuts & Popcorn"
254926817,Walkers Salt & Shake Multipack Crisps 6x24g,£2.00,£1.39/100g,£1.65 Clubcard Price,(£1.15/100g),True,Offer valid for delivery from 26/03/2025 until 22/04/2025,False,4.3,24,False,https://www.tesco.com/groceries/en-GB/products/254926817,https://digitalcontent.api.tesco.com/v2/media/ghs/cdeb5e61-506a-45d1-b009-774974853af2/576ecaa8-9abf-4b8c-a83b-9440438d0068_177656209.jpeg?h=225&w=225,Food Cupboard,"Crisps, Snacks, Nuts & Popcorn"
250057930,Tesco Tortilla Chips - Nacho Cheese Flavour 200g,£0.95,£0.48/100g,,,False,,False,3.2,70,False,https://www.tesco.com/groceries/en-GB/products/250057930,https://digitalcontent.api.tesco.com/v2/media/ghs/5b7c9139-ed79-4229-be49-a9d34926b8d3/9893e47d-52b7-4da2-8cab-47cc249b1028_1279540662.jpeg?h=225&w=225,Food Cupboard,"Crisps, Snacks, Nuts & Popcorn"
260085915,Tesco Cheese Puffs 150g,£1.00,£0.67/100g,,,False,,False,2.3,56,False,https://www.tesco.com/groceries/en-GB/products/260085915,https://digitalcontent.api.tesco.com/v2/media/ghs/a35cb00c-8137-426d-8b0f-90c089dfea99/59f4b6c1-0b35-4d5b-8ae0-f6f6082455a3_661712113.jpeg?h=225&w=225,Food Cupboard,"Crisps, Snacks, Nuts & Popcorn"
300161579,Tesco Finest Prawn Marie Rose Crisps 150G,£1.15,£0.77/100g,,,False,,False,,103,False,https://www.tesco.com/groceries/en-GB/products/300161579,https://digitalcontent.api.tesco.com/v2/media/ghs/ee95fbf7-4617-4d86-a473-4735b976ae35/815ac54e-6615-4e2d-9b95-0f159a44b566_1648005998.jpeg?h=225&w=225,Food Cupboard,"Crisps, Snacks, Nuts & Popcorn"
300595003,Tesco Cheese Curls 10 Pack 150G,£1.75,£1.17/100g,,,False,,False,4.8,68,False,https://www.tesco.com/groceries/en-GB/products/300595003,https://digitalcontent.api.tesco.com/v2/media/ghs/a5964172-0ff3-414f-a104-0edd7ede8098/32834519-94ac-4872-931c-c21c85f00e14_183992714.jpeg?h=225&w=225,Food Cupboard,"Crisps, Snacks, Nuts & Popcorn"
268497375,Tesco Sweet Popcorn 110G,£0.99,£0.90/100g,,,False,,False,4.1,43,False,https://www.tesco.com/groceries/en-GB/products/268497375,https://digitalcontent.api.tesco.com/v2/media/ghs/cbaed7ee-f627-46e9-9212-195caf516b71/04330ed5-7bd0-41f5-92fb-10be855f1d76_2119100595.jpeg?h=225&w=225,Food Cupboard,"Crisps, Snacks, Nuts & Popcorn"
297348923,Tesco Sour Cream & Chive Combo Mix 150G,£1.25,£0.83/100g,,,False,,False,4.3,51,False,https://www.tesco.com/groceries/en-GB/products/297348923,https://digitalcontent.api.tesco.com/v2/media/ghs/f3e8b96e-8c8f-4b01-9877-bd04b7e4921b/d23a3e34-0adb-4779-abde-abe9f5a94e84_646594598.jpeg?h=225&w=225,Food Cupboard,"Crisps, Snacks, Nuts & Popcorn"
268396241,Tesco Meaty Variety Crisps 6X25g,£1.00,£0.67/100g,,,False,,False,4.2,62,False,https://www.tesco.com/groceries/en-GB/products/268396241,https://digitalcontent.api.tesco.com/v2/media/ghs/19b2c8a0-e316-4fcd-9f6b-6f0905e8f8d2/0746d56a-1c90-4345-9bc9-4b0986f16b9a_137940972.jpeg?h=225&w=225,Food Cupboard,"Crisps, Snacks, Nuts & Popcorn"
306653529,Stockwell & Co. Variety Pack Crisps 6X25g,£0.85,£0.57/100g,,,False,,False,4.3,117,False,https://www.tesco.com/groceries/en-GB/products/306653529,https://digitalcontent.api.tesco.com/v2/media/ghs/3d5e12e3-05a7-481c-8f55-24fd24fffdc2/032defd0-2674-4103-bfcf-071c715a8707_875075336.jpeg?h=225&w=225,Food Cupboard,"Crisps, Snacks, Nuts & Popcorn"
257379526,Tesco Roasted Pistachios - Salted 300g,£4.15,£13.83/kg,,,False,,False,3.6,36,False,https://www.tesco.com/groceries/en-GB/products/257379526,https://digitalcontent.api.tesco.com/v2/media/ghs/e6a14dcf-2236-46b0-9337-d08bb4abe329/ede56007-28ce-44ed-9591-2a246a460b7e_1116058234.jpeg?h=225&w=225,Food Cupboard,"Crisps, Snacks, Nuts & Popcorn"
251495069,Tesco Roasted & Salted Pistachios 150G,£2.40,£16.00/kg,,,False,,False,3.6,24,False,https://www.tesco.com/groceries/en-GB/products/251495069,https://digitalcontent.api.tesco.com/v2/media/ghs/40cae254-3d26-4000-a848-0133f0943a2d/52e8abaa-2c05-4e73-bd19-b83ea4465f72_1320639947.jpeg?h=225&w=225,Food Cupboard,"Crisps, Snacks, Nuts & Popcorn"
300201298,Kp Dry Roasted Peanuts 415G,£4.25,£10.24/kg,£3.75 Clubcard Price,(£9.04/kg),True,Offer valid for delivery from 26/03/2025 until 22/04/2025,False,4.7,56,False,https://www.tesco.com/groceries/en-GB/products/300201298,https://digitalcontent.api.tesco.com/v2/media/ghs/1e42a4e8-2158-4c3b-98bd-77f8fdf98588/72b00dbd-62bc-4723-9c16-e84e9e3bb7ee_1380716953.jpeg?h=225&w=225,Food Cupboard,"Crisps, Snacks, Nuts & Popcorn"
271189177,Bear Strawberry Yoyo Multipack 5X20g,£3.00,£3.00/100g,£2.00 Save 1/3 Clubcard Price,(£2.00/100g),True,Offer valid for delivery from 16/04/2025 until 13/05/2025,False,4.7,2133,False,https://www.tesco.com/groceries/en-GB/products/271189177,https://digitalcontent.api.tesco.com/v2/media/ghs/8896fb53-2c92-4e66-b288-39d58d6bc6cf/8f5bab74-e4a8-49f1-a7a7-8f6b68af8dee_2132483942.jpeg?h=225&w=225,Food Cupboard,"Crisps, Snacks, Nuts & Popcorn"
306802205,Mr Porky Original Scratchings 65G,£1.25,£1.92/100g,,,False,,False,4.3,43,False,https://www.tesco.com/groceries/en-GB/products/306802205,https://digitalcontent.api.tesco.com/v2/media/ghs/992c5204-56f4-4fd1-9a5c-eb4db14c8980/205d281f-249e-4303-8c26-db74f5dc4eda_160977615.jpeg?h=225&w=225,Food Cupboard,"Crisps, Snacks, Nuts & Popcorn"
268419141,Tesco Unsalted Mixed Nuts Snacks 200 G,£2.60,£13.00/kg,,,False,,False,3.9,45,False,https://www.tesco.com/groceries/en-GB/products/268419141,https://digitalcontent.api.tesco.com/v2/media/ghs/ba81b6ff-ae48-4a7a-8d5e-66d6d9eb861c/98dc9599-d8c5-4ca4-8720-a30323c29ee4_1827726188.jpeg?h=225&w=225,Food Cupboard,"Crisps, Snacks, Nuts & Popcorn"
312698140,Kettle Lightly Salted Crisps 5 X 25G,£2.40,£1.92/100g,,,False,,False,3.4,18,False,https://www.tesco.com/groceries/en-GB/products/312698140,https://digitalcontent.api.tesco.com/v2/media/ghs/9c74a277-20d9-41aa-998e-c4539f3e0def/4b9877c4-4889-4d68-a408-5d7eba71a6b3_1931106731.jpeg?h=225&w=225,Food Cupboard,"Crisps, Snacks, Nuts & Popcorn"
267031312,Doritos Hot Salsa Dip 300g,£2.50,£0.83/100g,,,False,,False,3.4,8,False,https://www.tesco.com/groceries/en-GB/products/267031312,https://digitalcontent.api.tesco.com/v2/media/ghs/b7197b6b-00d6-44ff-94f4-5aba03b4e479/2ae91cf0-4335-4df1-ad3d-be0122788c4a_345894475.jpeg?h=225&w=225,Food Cupboard,"Crisps, Snacks, Nuts & Popcorn"
298648941,Kiddylicious Veggie Straws Multipack 4X12g,£2.65,£5.52/100g,£2.30 Clubcard Price,(£4.79/100g),True,Offer valid for delivery from 26/03/2025 until 20/05/2025,False,4.2,40,False,https://www.tesco.com/groceries/en-GB/products/298648941,https://digitalcontent.api.tesco.com/v2/media/ghs/4cfc1348-9c3c-4e21-81fa-29b0002353cc/5d1ea38b-4e00-405c-98d0-29e0ccd65504_2052338669.jpeg?h=225&w=225,Food Cupboard,"Crisps, Snacks, Nuts & Popcorn"
311807129,Doritos Nacho Cheese Dip 280g,£2.50,£0.89/100g,,,False,,False,3.1,16,False,https://www.tesco.com/groceries/en-GB/products/311807129,https://digitalcontent.api.tesco.com/v2/media/ghs/09d0e6d8-555e-4fa7-82aa-64aeb65ff9a6/0c9b62e3-9079-4c80-b536-b7d787202408_2138308873.jpeg?h=225&w=225,Food Cupboard,"Crisps, Snacks, Nuts & Popcorn"
272969733,Walkers Sensations Roasted Peanuts Honey & Salt Sharing Bag 145g,£2.50,£17.24/kg,,,False,,False,3.8,10,False,https://www.tesco.com/groceries/en-GB/products/272969733,https://digitalcontent.api.tesco.com/v2/media/ghs/03f88fbc-b992-400e-90a6-60bd01ee52a0/6494fe15-4d1f-4486-88c1-0cb14d96bed2_272984543.jpeg?h=225&w=225,Food Cupboard,"Crisps, Snacks, Nuts & Popcorn"
311444080,Walkers Monster Munch Variety Multipack Crisps 12x20g,£3.00,£1.25/100g,,,False,,False,3.1,11,False,https://www.tesco.com/groceries/en-GB/products/311444080,https://digitalcontent.api.tesco.com/v2/media/ghs/26988fba-fca6-4e62-b54b-b0f4033b952d/eeeecebb-52f4-477c-bc23-323cce9e315b_1920634134.jpeg?h=225&w=225,Food Cupboard,"Crisps, Snacks, Nuts & Popcorn"
311670827,Walkers Baked Salt & Vinegar Multipack Crisps 6x22g,£2.20,£1.67/100g,,,False,,False,4.1,9,False,https://www.tesco.com/groceries/en-GB/products/311670827,https://digitalcontent.api.tesco.com/v2/media/ghs/1a8446ff-d376-4065-957f-af7063b3f278/73eb90a8-54e8-40ed-9414-07dcea30799c_203239220.jpeg?h=225&w=225,Food Cupboard,"Crisps, Snacks, Nuts & Popcorn"
266537292,Walkers Squares Variety Multipack Crisps 12x22g,£3.00,£1.14/100g,,,False,,False,3.5,8,False,https://www.tesco.com/groceries/en-GB/products/266537292,https://digitalcontent.api.tesco.com/v2/media/ghs/1045e762-652b-47be-a913-869c124bdd80/7dd3cf17-f6de-4dcd-b216-c087893eca80_617830885.jpeg?h=225&w=225,Food Cupboard,"Crisps, Snacks, Nuts & Popcorn"
272411149,Walkers French Fries Variety Multipack Crisps 12x18g,£3.00,£1.39/100g,,,False,,False,4.7,21,False,https://www.tesco.com/groceries/en-GB/products/272411149,https://digitalcontent.api.tesco.com/v2/media/ghs/a9d77d16-2b09-4c1f-8ca8-38cd406faf61/5696d26c-99dc-4645-b0a3-498c72fc75f8_1882855178.jpeg?h=225&w=225,Food Cupboard,"Crisps, Snacks, Nuts & Popcorn"
287233596,Hula Hoops Puft Salted Crisps 6 X 15 G,£2.25,£2.50/100g,,,False,,False,4.6,94,False,https://www.tesco.com/groceries/en-GB/products/287233596,https://digitalcontent.api.tesco.com/v2/media/ghs/576a953f-675b-4663-970d-24e60f716e76/01f61481-71f0-4c82-bb75-85c91300c623_2142090823.jpeg?h=225&w=225,Food Cupboard,"Crisps, Snacks, Nuts & Popcorn"
290028985,Hula Hoops Puft Beef Crisps 6 X 15 G,£2.25,£2.50/100g,,,False,,False,4.7,83,False,https://www.tesco.com/groceries/en-GB/products/290028985,https://digitalcontent.api.tesco.com/v2/media/ghs/c983a3d7-a180-4295-afe9-09411b301e54/67b6c4b5-c66a-46cb-b64f-550542e97e27_1236214247.jpeg?h=225&w=225,Food Cupboard,"Crisps, Snacks, Nuts & Popcorn"
275236784,Popchips Sour Cream & Onion Crisps 85g,£2.25,£2.65/100g,,,False,,False,4.6,87,False,https://www.tesco.com/groceries/en-GB/products/275236784,https://digitalcontent.api.tesco.com/v2/media/ghs/5a3c82a1-93de-41e4-a94b-8fc2113f9f00/fb6284f6-f4f9-46a8-83ee-c323ad737345_289729081.jpeg?h=225&w=225,Food Cupboard,"Crisps, Snacks, Nuts & Popcorn"
268420455,Tesco Roasted Mixed Nuts Salted 200g,£2.60,£13.00/kg,,,False,,False,3.7,44,False,https://www.tesco.com/groceries/en-GB/products/268420455,https://digitalcontent.api.tesco.com/v2/media/ghs/fc6abb7e-148d-4b55-b349-032996b2b5c7/60d35755-7bda-4bc2-b5f9-12b43d89bc6b_1604701719.jpeg?h=225&w=225,Food Cupboard,"Crisps, Snacks, Nuts & Popcorn"
300595026,Tesco Cheese Puffs 10 Pack 170G,£1.75,£1.03/100g,,,False,,False,3.4,65,False,https://www.tesco.com/groceries/en-GB/products/300595026,https://digitalcontent.api.tesco.com/v2/media/ghs/6e08ddd6-fe25-4801-9ea2-99df596b830a/09e28294-124d-41d1-baf7-d4f6d7204c82_374804182.jpeg?h=225&w=225,Food Cupboard,"Crisps, Snacks, Nuts & Popcorn"
287135931,Kp Hula Hoops Family 6X24g,£2.25,£1.56/100g,£1.75 Clubcard Price,(£1.22/100g),True,Offer valid for delivery from 26/03/2025 until 22/04/2025,False,4.6,17,False,https://www.tesco.com/groceries/en-GB/products/287135931,https://digitalcontent.api.tesco.com/v2/media/ghs/e9e02c15-e274-4391-b331-7838176ceacb/7caf7352-3d91-41b2-b1e6-49d8ddc5ac07_1366468068.jpeg?h=225&w=225,Food Cupboard,"Crisps, Snacks, Nuts & Popcorn"
264127141,Walkers Sunbites Sour Cream & Black Pepper Multipack Crisps 6x25g,£2.00,£1.33/100g,£1.50 Save 25% Clubcard Price,(£1.00/100g),True,Offer valid for delivery from 26/03/2025 until 22/04/2025,False,3.8,9,False,https://www.tesco.com/groceries/en-GB/products/264127141,https://digitalcontent.api.tesco.com/v2/media/ghs/d0cd8361-a31c-4e72-8f09-fee45c7f5769/afadb9c8-b114-4700-8d7c-ba80d298934a_1073583414.jpeg?h=225&w=225,Food Cupboard,"Crisps, Snacks, Nuts & Popcorn"
312342066,Kettle Potato Chips - Sweet Chilli & Sour Cream 130g,£2.40,£1.85/100g,£1.50 Clubcard Price,(£1.15/100g),True,Offer valid for delivery from 26/03/2025 until 22/04/2025,False,4.4,5,False,https://www.tesco.com/groceries/en-GB/products/312342066,https://digitalcontent.api.tesco.com/v2/media/ghs/ffc40226-0439-46c9-b955-dffc6b385225/98d8558d-b479-4d17-846d-e1c1fb4c3d34_1934455437.jpeg?h=225&w=225,Food Cupboard,"Crisps, Snacks, Nuts & Popcorn"
305979008,Kettle Mature Cheddar & Red Onion Potato Chips 130G,£2.40,£1.85/100g,£1.50 Clubcard Price,(£1.15/100g),True,Offer valid for delivery from 26/03/2025 until 22/04/2025,False,1.7,6,False,https://www.tesco.com/groceries/en-GB/products/305979008,https://digitalcontent.api.tesco.com/v2/media/ghs/916016fc-5652-405d-9e43-235bc07f4a12/fff3a66d-2d5e-418e-b336-8114e15479b5_2031415469.jpeg?h=225&w=225,Food Cupboard,"Crisps, Snacks, Nuts & Popcorn"
256638717,Jacob's Twiglets Sharing Baked Snacks 150g,£1.50,£1.00/100g,,,False,,False,2.5,166,False,https://www.tesco.com/groceries/en-GB/products/256638717,https://digitalcontent.api.tesco.com/v2/media/ghs/d16f02e2-e2b3-4b97-bc98-9ed3be3d10b8/7e1d30cd-907d-41ec-8478-230f5e06f584_794927246.jpeg?h=225&w=225,Food Cupboard,"Crisps, Snacks, Nuts & Popcorn"
305962650,Walkers Wotsits Giants Cheese Sharing Bag Crisps 130g,£2.25,£1.73/100g,£1.45 Clubcard Price,(£1.12/100g),True,Offer valid for delivery from 29/03/2025 until 22/04/2025,False,3.6,23,False,https://www.tesco.com/groceries/en-GB/products/305962650,https://digitalcontent.api.tesco.com/v2/media/ghs/dd0dfbe9-8c58-4337-8cd5-e43cac4181bd/5a1f2372-95a6-4fe2-810b-585b20fea35a_1455798348.jpeg?h=225&w=225,Food Cupboard,"Crisps, Snacks, Nuts & Popcorn"
308104019,Popchips Sour Cream & Onion Potato Snacks 5 X 17G,£2.00,£2.35/100g,£1.65 Clubcard Price,(£1.94/100g),True,Offer valid for delivery from 26/03/2025 until 22/04/2025,False,4.5,64,False,https://www.tesco.com/groceries/en-GB/products/308104019,https://digitalcontent.api.tesco.com/v2/media/ghs/dd2cf444-9f64-4555-8f15-d4a100007bcb/0bc8ee12-76d9-432c-9ee9-0e8564466e2f_255172720.jpeg?h=225&w=225,Food Cupboard,"Crisps, Snacks, Nuts & Popcorn"
260553650,Walkers Smoky Bacon Multipack Crisps 6x25g,£2.00,£1.33/100g,£1.65 Clubcard Price,(£1.10/100g),True,Offer valid for delivery from 26/03/2025 until 22/04/2025,False,4.1,7,False,https://www.tesco.com/groceries/en-GB/products/260553650,https://digitalcontent.api.tesco.com/v2/media/ghs/578894bc-4609-42e8-bb4d-20ca303dbfec/98bf4038-70a0-4ea2-9a01-4acad95b47cc_1701238617.jpeg?h=225&w=225,Food Cupboard,"Crisps, Snacks, Nuts & Popcorn"
275603776,Seabrook Cut Cheese & Onion Crisps 6 Pack,£1.45,£0.97/100g,,,False,,False,3.6,17,False,https://www.tesco.com/groceries/en-GB/products/275603776,https://digitalcontent.api.tesco.com/v2/media/ghs/67cb8ae9-9d14-44da-a97f-be3c6b2f9800/1f23a986-1ee6-45fc-b995-7f7cae225fc6.jpeg?h=225&w=225,Food Cupboard,"Crisps, Snacks, Nuts & Popcorn"
275576755,Seabrook Prawn Cocktail Crisps 6 Pack,£1.45,£0.97/100g,,,False,,False,4.2,13,False,https://www.tesco.com/groceries/en-GB/products/275576755,https://digitalcontent.api.tesco.com/v2/media/ghs/70491257-efa2-4682-8c62-41954127f818/422a529b-9e1e-4777-825e-f5bbfe812fe6.jpeg?h=225&w=225,Food Cupboard,"Crisps, Snacks, Nuts & Popcorn"
276928920,Butterkist Toffee Popcorn 6X20g,£1.50,£1.25/100g,,,False,,False,4.7,37,False,https://www.tesco.com/groceries/en-GB/products/276928920,https://digitalcontent.api.tesco.com/v2/media/ghs/9b9cff1d-07f9-4d04-aa3c-56d1da8d9a5a/9de9ae2e-05d6-4ecd-8c13-4191bfdb31f4_265526529.jpeg?h=225&w=225,Food Cupboard,"Crisps, Snacks, Nuts & Popcorn"
260085646,Tesco Salt & Vinegar Sticks 150G,£1.00,£0.67/100g,,,False,,False,1.9,54,False,https://www.tesco.com/groceries/en-GB/products/260085646,https://digitalcontent.api.tesco.com/v2/media/ghs/120fae7d-871b-4f1b-b2a3-73d000c97230/87326d36-af50-4f29-b02e-88d3aa96021a_556602596.jpeg?h=225&w=225,Food Cupboard,"Crisps, Snacks, Nuts & Popcorn"
313009230,Jacob's Mini Cheddars Multipack Snacks - Red Leicester 6x23g,£1.75,£1.27/100g,£1.25 Clubcard Price,(£0.91/100g),True,Offer valid for delivery from 26/03/2025 until 22/04/2025,False,4.7,104,False,https://www.tesco.com/groceries/en-GB/products/313009230,https://digitalcontent.api.tesco.com/v2/media/ghs/eea7d754-68e7-4d30-9574-b09200bd4ea0/4bc0dded-bfa6-4714-9189-a009c386c76e_1931910624.jpeg?h=225&w=225,Food Cupboard,"Crisps, Snacks, Nuts & Popcorn"
301401987,Tesco Finest Crinkle Cut Roast Beef & Horseradish Flavour Hand Cooked Crisps 150g,£1.15,£0.77/100g,,,False,,False,3.7,161,False,https://www.tesco.com/groceries/en-GB/products/301401987,https://digitalcontent.api.tesco.com/v2/media/ghs/ff0cee8b-fd80-4f22-9e3f-e72eb12d37bc/a603c402-cb97-455c-bfa6-d763cf31d5d6_1289619090.jpeg?h=225&w=225,Food Cupboard,"Crisps, Snacks, Nuts & Popcorn"
272694366,Jacob's Cheeselets Sharing Baked Snacks 125g,£1.15,£0.92/100g,,,False,,False,4.4,56,False,https://www.tesco.com/groceries/en-GB/products/272694366,https://digitalcontent.api.tesco.com/v2/media/ghs/12ae8898-086f-4c06-af8a-30300bc1d7a2/c059ff63-877b-4a7d-9bb6-d50d530f03ec_1542040388.jpeg?h=225&w=225,Food Cupboard,"Crisps, Snacks, Nuts & Popcorn"
300410429,Stockwell & Co Fruit And Nut Mix 200G,£0.59,£2.95/kg,,,False,,False,3.7,53,False,https://www.tesco.com/groceries/en-GB/products/300410429,https://digitalcontent.api.tesco.com/v2/media/ghs/acb91195-8bd6-470f-890a-d193d707b9b8/4185ee26-56c9-406a-85db-fdeee998ae0c_936241227.jpeg?h=225&w=225,Food Cupboard,"Crisps, Snacks, Nuts & Popcorn"
289206286,Tesco Aasani Cashew Nuts 500G,£6.50,£13.00/kg,£5.20 Clubcard Price,(£10.40/kg),True,Offer valid for delivery from 12/02/2025 until 21/04/2025,False,4.4,34,False,https://www.tesco.com/groceries/en-GB/products/289206286,https://digitalcontent.api.tesco.com/v2/media/ghs/b2ccc621-fb2e-4377-ab95-3e098882caf7/9b40741c-f8f9-4e7b-be2d-826084c95c9f_20857098.jpeg?h=225&w=225,Food Cupboard,"Crisps, Snacks, Nuts & Popcorn"
303543078,Butterkist Microwave Popcorn Sweet & Salted 3X60g,£2.50,£1.39/100g,,,False,,False,3.7,68,False,https://www.tesco.com/groceries/en-GB/products/303543078,https://digitalcontent.api.tesco.com/v2/media/ghs/e8c737cd-3a5f-4f66-a803-a4cc98500326/b64f3928-f88a-4b38-8edb-ea910df8b47e_1239027105.jpeg?h=225&w=225,Food Cupboard,"Crisps, Snacks, Nuts & Popcorn"
303543090,Butterkist Microwave Salted Popcorn 3X60g,£2.50,£1.39/100g,,,False,,False,4.4,57,False,https://www.tesco.com/groceries/en-GB/products/303543090,https://digitalcontent.api.tesco.com/v2/media/ghs/e9681d2e-98d6-43ee-92a8-445216a1c196/9c4f48f2-cd92-4f23-91f0-60da5a408b5a_889077816.jpeg?h=225&w=225,Food Cupboard,"Crisps, Snacks, Nuts & Popcorn"
286782799,Bear Strawberry YoYos 9 x 20g,£4.65,£2.58/100g,,,False,,False,4.7,2133,False,https://www.tesco.com/groceries/en-GB/products/286782799,https://digitalcontent.api.tesco.com/v2/media/ghs/a5400085-13cb-4a35-b925-964e218760a6/0bc297ea-2a2e-4d39-b723-2a60da79fbec_816376822.jpeg?h=225&w=225,Food Cupboard,"Crisps, Snacks, Nuts & Popcorn"
306811004,Mr. Porky Crispy Strips 35g,£1.45,£4.14/100g,,,False,,False,4.6,136,False,https://www.tesco.com/groceries/en-GB/products/306811004,https://digitalcontent.api.tesco.com/v2/media/ghs/7a616984-3d0e-43c6-af91-c164cdf1bd04/f8bef1c4-4a1c-491a-a423-e742342d2531_2049763217.jpeg?h=225&w=225,Food Cupboard,"Crisps, Snacks, Nuts & Popcorn"
297385285,Tesco Sea Salt & Black Pepper Cashew Nuts 150G,£2.65,£17.67/kg,,,False,,False,4.6,47,False,https://www.tesco.com/groceries/en-GB/products/297385285,https://digitalcontent.api.tesco.com/v2/media/ghs/ec9c53eb-d5b9-4d7b-b99a-2058ee44338d/a72c2860-a52d-43cb-9a00-40e94c1f4c63_1806264258.jpeg?h=225&w=225,Food Cupboard,"Crisps, Snacks, Nuts & Popcorn"
284982842,Bear Raspberry YoYos Multipack 5 x 20g,£3.00,£3.00/100g,£2.00 Save 1/3 Clubcard Price,(£2.00/100g),True,Offer valid for delivery from 16/04/2025 until 13/05/2025,False,4.6,963,False,https://www.tesco.com/groceries/en-GB/products/284982842,https://digitalcontent.api.tesco.com/v2/media/ghs/1cb3b7f3-e3ab-42cd-b3f8-770fff871df5/7d697ecc-9d4e-4a01-a955-f37f04d4ce52_1878133801.jpeg?h=225&w=225,Food Cupboard,"Crisps, Snacks, Nuts & Popcorn"
297385498,Kp Salt & Vinegar Peanuts 225G,£3.25,£14.44/kg,£2.75 Clubcard Price,(£12.22/kg),True,Offer valid for delivery from 26/03/2025 until 22/04/2025,False,4.7,52,False,https://www.tesco.com/groceries/en-GB/products/297385498,https://digitalcontent.api.tesco.com/v2/media/ghs/d540acc1-a0a6-406f-bde4-5cd6b8cc7b13/6ad6a3ab-d446-46b4-8baa-9f3193a51bb5_211128725.jpeg?h=225&w=225,Food Cupboard,"Crisps, Snacks, Nuts & Popcorn"
297385515,Kp Honey Roast Peanuts 225G,£3.25,£14.44/kg,£2.75 Clubcard Price,(£12.22/kg),True,Offer valid for delivery from 26/03/2025 until 22/04/2025,False,4.7,53,False,https://www.tesco.com/groceries/en-GB/products/297385515,https://digitalcontent.api.tesco.com/v2/media/ghs/d6efc8d8-791a-4786-a3ca-9835b8e32725/a52b0793-0fe8-4b53-9e30-80a0700b0b26_1263840963.jpeg?h=225&w=225,Food Cupboard,"Crisps, Snacks, Nuts & Popcorn"
305988493,Kiddylicious Cheesy Veggie Straws 4X12g,,,£2.30 Clubcard Price,(£4.79/100g),True,Offer valid for delivery from 26/03/2025 until 20/05/2025,False,,3,False,https://www.tesco.com/groceries/en-GB/products/305988493,https://digitalcontent.api.tesco.com/v2/media/ghs/b55aa0fb-6d01-434d-aea2-b6dd6121dc63/019b3729-cf0e-4550-87db-2ff440073802_364828464.jpeg?h=225&w=225,Food Cupboard,"Crisps, Snacks, Nuts & Popcorn"
309195900,Walkers Ready Salted & Salt & Vinegar Crisps Multipack 12x25g,£3.00,£1.00/100g,,,False,,False,,6,False,https://www.tesco.com/groceries/en-GB/products/309195900,https://digitalcontent.api.tesco.com/v2/media/ghs/1e91bed2-6dac-4d96-bc57-bade093b1fd6/46b43fe9-f97d-4e45-afe2-c659fe918d33_1786610428.jpeg?h=225&w=225,Food Cupboard,"Crisps, Snacks, Nuts & Popcorn"
309185209,Walkers Ready Salted & Cheese & Onion Multipack Crisps 12x25g,£3.00,£1.00/100g,,,False,,False,4.9,19,False,https://www.tesco.com/groceries/en-GB/products/309185209,https://digitalcontent.api.tesco.com/v2/media/ghs/51954dc4-92ed-41b7-9c0e-c1017bbc359f/48e3f75b-5d62-4fcb-8a01-26fcecb2a3ba_2072009451.jpeg?h=225&w=225,Food Cupboard,"Crisps, Snacks, Nuts & Popcorn"
307358815,Snack a Jacks Sour Cream & Chive Rice Cakes Multipack Snacks 5x19g,£2.20,£2.32/100g,,,False,,False,,8,False,https://www.tesco.com/groceries/en-GB/products/307358815,https://digitalcontent.api.tesco.com/v2/media/ghs/7d5adf56-1125-43f4-84d0-08e8cdc62e62/b50c5f2a-0e5a-49a6-a5ba-9a9b83f03d8f_2017399651.jpeg?h=225&w=225,Food Cupboard,"Crisps, Snacks, Nuts & Popcorn"
278170354,Proper Sweet & Salty Popcorn Sharing Bag 90g,£2.00,£2.22/100g,,,False,,False,,8,False,https://www.tesco.com/groceries/en-GB/products/278170354,https://digitalcontent.api.tesco.com/v2/media/ghs/43c4537c-fdac-49e8-9504-9f8915392ec0/567f9e13-7568-4d08-b95e-6eda46179fa4_150858097.jpeg?h=225&w=225,Food Cupboard,"Crisps, Snacks, Nuts & Popcorn"
311276480,Walkers Baked Prawn Cocktail Multipack Crisps 6x22g,,,,,False,,False,3.7,9,False,https://www.tesco.com/groceries/en-GB/products/311276480,https://digitalcontent.api.tesco.com/v2/media/ghs/2b600db1-abe0-498d-9fe2-698f471d25c6/23769348-1dad-45fe-9906-f18fc8f28a60_24148805.jpeg?h=225&w=225,Food Cupboard,"Crisps, Snacks, Nuts & Popcorn"
305853664,Proper Chips 85G Sea Salt,£2.00,£2.35/100g,,,False,,False,,9,False,https://www.tesco.com/groceries/en-GB/products/305853664,https://digitalcontent.api.tesco.com/v2/media/ghs/caff1ded-ca1f-43e9-bac3-86f293251bdb/a197d092-5728-4c6e-af0f-d95ec67bc8d7_820952651.jpeg?h=225&w=225,Food Cupboard,"Crisps, Snacks, Nuts & Popcorn"
305846270,Proper Chips 85G Bbq,£2.00,£2.35/100g,,,False,,False,4.9,10,False,https://www.tesco.com/groceries/en-GB/products/305846270,https://digitalcontent.api.tesco.com/v2/media/ghs/c466b77e-e93e-4765-b946-b455f3d83829/6e9038d2-e177-4254-a793-3d63e0add656_1457823665.jpeg?h=225&w=225,Food Cupboard,"Crisps, Snacks, Nuts & Popcorn"
305736014,Properchips Salt & Vinegar Lentil Chips 85G,£2.00,£2.35/100g,,,False,,False,4.5,12,False,https://www.tesco.com/groceries/en-GB/products/305736014,https://digitalcontent.api.tesco.com/v2/media/ghs/4a444643-da5d-40bd-b95a-cfac67d3d86b/d85393b9-ecb5-43c6-a48f-f72e2232c665_578311613.jpeg?h=225&w=225,Food Cupboard,"Crisps, Snacks, Nuts & Popcorn"
268424848,Tesco Roasted & Salted Almonds 100G,£1.65,£16.50/kg,,,False,,False,4.4,29,False,https://www.tesco.com/groceries/en-GB/products/268424848,https://digitalcontent.api.tesco.com/v2/media/ghs/5471ec57-b6f2-4ea7-aea7-d25e6da11882/09788c9e-7d9f-4978-bc51-bffe8dc34522_932133751.jpeg?h=225&w=225,Food Cupboard,"Crisps, Snacks, Nuts & Popcorn"
250163971,Tesco Bombay Mix Snacks 200 G,£1.55,£7.75/kg,,,False,,False,2.2,59,False,https://www.tesco.com/groceries/en-GB/products/250163971,https://digitalcontent.api.tesco.com/v2/media/ghs/2c3531a9-f2c5-466f-b7a5-3e025c80e6f8/1502ac40-cf36-4cfc-9fe3-2848d930c8ba_1302872001.jpeg?h=225&w=225,Food Cupboard,"Crisps, Snacks, Nuts & Popcorn"
275236674,Popchips Sea Salt & Vinegar Crisps 85g,£2.25,£2.65/100g,,,False,,False,4.5,113,False,https://www.tesco.com/groceries/en-GB/products/275236674,https://digitalcontent.api.tesco.com/v2/media/ghs/7394f5f5-2efe-47ca-898f-c858564c1173/53f1ca62-38dc-43a3-9c67-87526129c78f_650516833.jpeg?h=225&w=225,Food Cupboard,"Crisps, Snacks, Nuts & Popcorn"
297511908,Propercorn Sea Salted Popcorn 6 x 10g,£1.90,£3.17/100g,,,False,,False,4.2,5,False,https://www.tesco.com/groceries/en-GB/products/297511908,https://digitalcontent.api.tesco.com/v2/media/ghs/f5277c88-bc53-4c0a-815c-4e84bc5def19/ef3745b6-caca-48fb-8976-09fff1895e38_2122991954.jpeg?h=225&w=225,Food Cupboard,"Crisps, Snacks, Nuts & Popcorn"
275236864,Popchips Original Popped Chips 85G,£2.25,£2.65/100g,,,False,,False,,12,False,https://www.tesco.com/groceries/en-GB/products/275236864,https://digitalcontent.api.tesco.com/v2/media/ghs/40e28866-7a87-48c7-9130-a8cacd92fa05/392fb155-8c57-4c4c-9731-26e1aa526227_923993971.jpeg?h=225&w=225,Food Cupboard,"Crisps, Snacks, Nuts & Popcorn"
292945472,Butterkist Cinema Sweet Popcorn 100G,£2.00,£2.00/100g,£1.35 Clubcard Price,(£1.35/100g),True,Offer valid for delivery from 02/04/2025 until 03/06/2025,False,4.7,56,False,https://www.tesco.com/groceries/en-GB/products/292945472,https://digitalcontent.api.tesco.com/v2/media/ghs/c4db497f-2a85-4b2d-b066-848ba67324dc/ed9817fd-5342-426a-93cc-2e0757176011_1866805483.jpeg?h=225&w=225,Food Cupboard,"Crisps, Snacks, Nuts & Popcorn"
268345256,Tesco Bbq Flavoured Coated Peanuts 200G,£2.00,£10.00/kg,,,False,,False,3.8,38,False,https://www.tesco.com/groceries/en-GB/products/268345256,https://digitalcontent.api.tesco.com/v2/media/ghs/42b9c073-f012-4168-9129-fe562a52a67b/4a07b994-d597-4495-8274-7961a085224b_476513728.jpeg?h=225&w=225,Food Cupboard,"Crisps, Snacks, Nuts & Popcorn"
287841256,Jacobs Cracker Sour Cream & Chive 150 G,£1.35,£0.90/100g,,,False,,False,4.6,154,False,https://www.tesco.com/groceries/en-GB/products/287841256,https://digitalcontent.api.tesco.com/v2/media/ghs/c0c739fe-469d-49b0-b914-f54e2454c1d1/a020934d-a087-470a-b4aa-71e7cbf90d61_1782729879.jpeg?h=225&w=225,Food Cupboard,"Crisps, Snacks, Nuts & Popcorn"
311255764,Walkers Wotsits Crunchy Cheese Sharing Bag Crisps 140g,£2.25,£1.61/100g,£1.65 Save 25% Clubcard Price,(£1.18/100g),True,Offer valid for delivery from 26/02/2025 until 22/04/2025,False,,70,False,https://www.tesco.com/groceries/en-GB/products/311255764,https://digitalcontent.api.tesco.com/v2/media/ghs/727a9fc7-6e8a-43ed-b2e6-c2875f8a6fd1/bccea0dd-d358-4159-854b-b09741d20738_905820038.jpeg?h=225&w=225,Food Cupboard,"Crisps, Snacks, Nuts & Popcorn"
313000850,Skips Prawn Cocktail Sharing Crisps 65G,£1.20,£1.85/100g,,,False,,False,4.9,15,False,https://www.tesco.com/groceries/en-GB/products/313000850,https://digitalcontent.api.tesco.com/v2/media/ghs/e5209983-d25c-43d9-b932-534927ffbb39/930f132d-858e-4619-9e3b-b0216cea1518_1579547305.jpeg?h=225&w=225,Food Cupboard,"Crisps, Snacks, Nuts & Popcorn"
311227510,Walkers A Dash of Salt & Vinegar Less Salt Multipack Crisps 6x25g,£2.00,£1.33/100g,£1.65 Clubcard Price,(£1.10/100g),True,Offer valid for delivery from 26/03/2025 until 22/04/2025,False,3.5,20,False,https://www.tesco.com/groceries/en-GB/products/311227510,https://digitalcontent.api.tesco.com/v2/media/ghs/dff36aae-982e-439e-a272-a296bf24c1c4/67c67e0a-9701-4432-ac41-405e05fc0fdc_821286409.jpeg?h=225&w=225,Food Cupboard,"Crisps, Snacks, Nuts & Popcorn"
312993737,Walkers Delicate Prawn Cocktail Less Salt Multipack Crisps 6x25g,£2.00,£1.33/100g,£1.65 Clubcard Price,(£1.10/100g),True,Offer valid for delivery from 26/03/2025 until 22/04/2025,False,1.2,4,False,https://www.tesco.com/groceries/en-GB/products/312993737,https://digitalcontent.api.tesco.com/v2/media/ghs/232c1d13-2135-4684-b0f8-30f677051294/118486bd-5625-4ac2-a2e6-fa6209080b7a_1876198367.jpeg?h=225&w=225,Food Cupboard,"Crisps, Snacks, Nuts & Popcorn"
303485359,Butterkist Cinema Sweet Popcorn 6X12g,£1.50,£2.08/100g,,,False,,False,4.7,25,False,https://www.tesco.com/groceries/en-GB/products/303485359,https://digitalcontent.api.tesco.com/v2/media/ghs/682fa06e-c100-444e-b1a1-362677a65ffb/dab2ddb9-aa76-4019-8199-54c0f7a7b913_54187966.jpeg?h=225&w=225,Food Cupboard,"Crisps, Snacks, Nuts & Popcorn"
250137778,Real Foods Original Corn Thins 150G,£1.40,£0.93/100g,£1.20 Clubcard Price,(£0.80/100g),True,Offer valid for delivery from 26/03/2025 until 22/04/2025,False,4.3,14,False,https://www.tesco.com/groceries/en-GB/products/250137778,https://digitalcontent.api.tesco.com/v2/media/ghs/ffdf1cdf-81b2-41c7-ab39-355444da25ce/07b8814a-75fb-4d50-9202-2442154a8b6f_922331476.jpeg?h=225&w=225,Food Cupboard,"Crisps, Snacks, Nuts & Popcorn"
251017746,Golden Wonder Cheese & Onion Crisps 6X25g,£1.40,£0.93/100g,,,False,,False,4.7,25,False,https://www.tesco.com/groceries/en-GB/products/251017746,https://digitalcontent.api.tesco.com/v2/media/ghs/0d6aa034-69d7-4bd5-a341-63cd93997616/3ae1aec6-dc24-404a-b624-c7747ff7b427_181461103.jpeg?h=225&w=225,Food Cupboard,"Crisps, Snacks, Nuts & Popcorn"
268285067,Tesco Roasted Salted Cashew Nuts 350,£4.65,£13.29/kg,,,False,,False,4.7,78,False,https://www.tesco.com/groceries/en-GB/products/268285067,https://digitalcontent.api.tesco.com/v2/media/ghs/ebb88909-5acd-40e2-81d3-5a5bf7e83763/38a4eff2-71b4-4be9-880a-b015eb69cf3e_1209601968.jpeg?h=225&w=225,Food Cupboard,"Crisps, Snacks, Nuts & Popcorn"
303543055,Butterkist Sweet Microwave Popcorn 3x60g,£2.50,£1.39/100g,,,False,,False,4.4,50,False,https://www.tesco.com/groceries/en-GB/products/303543055,https://digitalcontent.api.tesco.com/v2/media/ghs/f3a80a3f-9564-403b-8ce6-c8b06f14a22c/c8caeab8-fa2e-444e-9b93-7e6aa27aac6f_125594003.jpeg?h=225&w=225,Food Cupboard,"Crisps, Snacks, Nuts & Popcorn"
289206165,Aasani Almonds 500G,£5.25,£10.50/kg,£4.20 Clubcard Price,(£8.40/kg),True,Offer valid for delivery from 12/02/2025 until 21/04/2025,False,4.5,61,False,https://www.tesco.com/groceries/en-GB/products/289206165,https://digitalcontent.api.tesco.com/v2/media/ghs/33a0b4dc-274e-429a-8c7f-eea77d5bf582/35043e38-e0a9-4bc0-8ea1-55e273baceec_2021815354.jpeg?h=225&w=225,Food Cupboard,"Crisps, Snacks, Nuts & Popcorn"
299581631,Kp Unsalted Peanuts 250G,£3.25,£13.00/kg,,,False,,False,4.2,35,False,https://www.tesco.com/groceries/en-GB/products/299581631,https://digitalcontent.api.tesco.com/v2/media/ghs/a18d8dba-be45-4ccd-95ad-26adf5eb38cc/86d50882-4133-4aad-a8bb-3cea28552df9_1502172985.jpeg?h=225&w=225,Food Cupboard,"Crisps, Snacks, Nuts & Popcorn"
298179879,Tyrrells Mixed Root Vegetable Crisps 125G,£2.75,£2.20/100g,,,False,,False,3.5,24,False,https://www.tesco.com/groceries/en-GB/products/298179879,https://digitalcontent.api.tesco.com/v2/media/ghs/930c1e0c-7897-42ff-9098-e0be73d8b70b/f646b715-fccb-427f-96b0-2c200018b4ff_1114394566.jpeg?h=225&w=225,Food Cupboard,"Crisps, Snacks, Nuts & Popcorn"
284983000,Bear Apple YoYos Multipack 5 x 20g,£3.00,£3.00/100g,£2.00 Save 1/3 Clubcard Price,(£2.00/100g),True,Offer valid for delivery from 16/04/2025 until 13/05/2025,False,4.6,7,False,https://www.tesco.com/groceries/en-GB/products/284983000,https://digitalcontent.api.tesco.com/v2/media/ghs/43d2772f-5d91-4bda-862a-eec33f10afb3/6c940311-63a9-4bc4-abc4-3cdf0629498c_1223990127.jpeg?h=225&w=225,Food Cupboard,"Crisps, Snacks, Nuts & Popcorn"
306942056,Bear Bites Strawberry & Butternut Squash 5 Pack,£2.85,£3.17/100g,£2.15 Clubcard Price,(£2.39/100g),True,Offer valid for delivery from 16/04/2025 until 13/05/2025,False,,,False,https://www.tesco.com/groceries/en-GB/products/306942056,https://digitalcontent.api.tesco.com/v2/media/ghs/c31d1395-5657-4383-872b-53ee9795297c/6efc8bd1-3fba-4ba0-87ae-74f44dbb8f71_1113691077.jpeg?h=225&w=225,Food Cupboard,"Crisps, Snacks, Nuts & Popcorn"
284982669,Bear Pure Fruit Yoyos - Mango 5 x 20g,£3.00,£3.00/100g,£2.00 Save 1/3 Clubcard Price,(£2.00/100g),True,Offer valid for delivery from 16/04/2025 until 13/05/2025,False,4.7,992,False,https://www.tesco.com/groceries/en-GB/products/284982669,https://digitalcontent.api.tesco.com/v2/media/ghs/6bcddb07-c1d4-4ee6-b83e-3903ad6a8c9f/fc39f024-98ba-4cd8-a093-23906f3b67c6_1748366352.jpeg?h=225&w=225,Food Cupboard,"Crisps, Snacks, Nuts & Popcorn"
264807454,Tesco Unsalted Mixed Nuts & Raisins 250G,£2.10,£8.40/kg,,,False,,False,4.1,39,False,https://www.tesco.com/groceries/en-GB/products/264807454,https://digitalcontent.api.tesco.com/v2/media/ghs/23b4731f-f8e4-4667-92f0-802d37d0becb/62867c7c-02dd-4b21-a225-c50b76064028_294421322.jpeg?h=225&w=225,Food Cupboard,"Crisps, Snacks, Nuts & Popcorn"
305528710,Magicorn Eazy Pop Microwave Popcorn - Butter Flavour 85g,£0.90,£1.06/100g,,,False,,False,,,False,https://www.tesco.com/groceries/en-GB/products/305528710,https://digitalcontent.api.tesco.com/v2/media/ghs/3e8f600c-7676-4904-9e6e-368e5f969b8f/387c0e1d-d178-4392-ac35-4ed671bfc458_2036909219.jpeg?h=225&w=225,Food Cupboard,"Crisps, Snacks, Nuts & Popcorn"
282614122,Bear Blackcurrant Yoyo Multipack 5X20g,£3.00,£3.00/100g,£2.00 Save 1/3 Clubcard Price,(£2.00/100g),True,Offer valid for delivery from 16/04/2025 until 13/05/2025,False,4.4,11,False,https://www.tesco.com/groceries/en-GB/products/282614122,https://digitalcontent.api.tesco.com/v2/media/ghs/61b37fab-2e58-4150-bab3-570c199f5f2e/78951651-77ab-46cf-bb11-7ba7dc23e236_783712216.jpeg?h=225&w=225,Food Cupboard,"Crisps, Snacks, Nuts & Popcorn"
312701448,Kettle Sea Salt & Balsamic Vinegar Crisps 5 X 25G,£2.40,£1.92/100g,,,False,,False,1.8,5,False,https://www.tesco.com/groceries/en-GB/products/312701448,https://digitalcontent.api.tesco.com/v2/media/ghs/f0b2f91f-829a-476d-acc6-ebffed95e60f/cf495828-72ef-47f9-aad5-0938b71fd9e0_256579192.jpeg?h=225&w=225,Food Cupboard,"Crisps, Snacks, Nuts & Popcorn"
305957927,Walkers Monster Munch Giants Pickled Onion Sharing Bag Crisps 85g,£2.25,£2.65/100g,,,False,,False,3.3,9,False,https://www.tesco.com/groceries/en-GB/products/305957927,https://digitalcontent.api.tesco.com/v2/media/ghs/3020f7bf-53e1-471e-a747-5e78e652f863/3f69db5a-016f-4db4-a9a2-57c5482ee98f_1421765423.jpeg?h=225&w=225,Food Cupboard,"Crisps, Snacks, Nuts & Popcorn"
303850307,Old El Paso Original Cheesy Baked Nacho Kit 505G,£3.80,£7.52/kg,,,False,,False,4.1,45,False,https://www.tesco.com/groceries/en-GB/products/303850307,https://digitalcontent.api.tesco.com/v2/media/ghs/186d94d7-a06b-4e07-9593-3de8eee7cac5/33bfc7cb-438a-43cc-89b3-ad4a06aa43aa_146858332.jpeg?h=225&w=225,Food Cupboard,"Crisps, Snacks, Nuts & Popcorn"
307145376,Marmite Oven Baked Cashews 90G,£3.00,£33.33/kg,,,False,,False,4.4,159,False,https://www.tesco.com/groceries/en-GB/products/307145376,https://digitalcontent.api.tesco.com/v2/media/ghs/7c35dc45-7874-46b1-a199-08e1c98f30da/b60702ca-c4e6-4cca-b05c-01ce27075dc7_665001719.jpeg?h=225&w=225,Food Cupboard,"Crisps, Snacks, Nuts & Popcorn"
256335966,Tesco Unsalted Roasted Monkey Nuts 300G,£1.65,£5.50/kg,,,False,,False,3.8,30,False,https://www.tesco.com/groceries/en-GB/products/256335966,https://digitalcontent.api.tesco.com/v2/media/ghs/32b377a8-38fa-4f5c-925c-e2239e8291d8/53f90e75-746a-4b5e-b3b5-b1ca71ac375d_562974889.jpeg?h=225&w=225,Food Cupboard,"Crisps, Snacks, Nuts & Popcorn"
282800132,Walkers Sensations Coated Peanuts Smoked Chilli Sharing Bag 150g,£2.50,£1.67/100g,,,False,,False,4.7,3,False,https://www.tesco.com/groceries/en-GB/products/282800132,https://digitalcontent.api.tesco.com/v2/media/ghs/0cce078a-e38d-4196-9992-e13761b55d72/4f191345-37a7-44af-8f17-dc44be9065af_909445225.jpeg?h=225&w=225,Food Cupboard,"Crisps, Snacks, Nuts & Popcorn"
306827654,Mccoy's Classic Variety Potato Crisps 12 X 25G,£3.25,£1.08/100g,,,False,,False,4.8,21,False,https://www.tesco.com/groceries/en-GB/products/306827654,https://digitalcontent.api.tesco.com/v2/media/ghs/226f409b-897b-4507-a8af-b5e91d31b54b/eb6630cd-898d-4e58-9046-da7f2be9135e_380166654.jpeg?h=225&w=225,Food Cupboard,"Crisps, Snacks, Nuts & Popcorn"
310165503,Peperami Chorizo 5X20g,£3.00,£3.00/100g,,,False,,False,4.2,63,False,https://www.tesco.com/groceries/en-GB/products/310165503,https://digitalcontent.api.tesco.com/v2/media/ghs/65f5266c-c997-4773-8349-7b85d052e05d/eb3198cc-8ec1-427b-8b86-810f5513841f_2141534497.jpeg?h=225&w=225,Food Cupboard,"Crisps, Snacks, Nuts & Popcorn"
297243950,Old El Paso Nachips Original 185G,£2.15,£1.16/100g,,,False,,False,,3,False,https://www.tesco.com/groceries/en-GB/products/297243950,https://digitalcontent.api.tesco.com/v2/media/ghs/84890346-bc67-4d74-bdc9-a845f0e3e4f1/ae232281-360a-4be9-96c6-4cedb5dc4ca9_359645971.jpeg?h=225&w=225,Food Cupboard,"Crisps, Snacks, Nuts & Popcorn"
285117870,Butterkist Sweet & Salted Popcorn 100G,£2.00,£2.00/100g,£1.35 Clubcard Price,(£1.35/100g),True,Offer valid for delivery from 02/04/2025 until 03/06/2025,False,4.5,58,False,https://www.tesco.com/groceries/en-GB/products/285117870,https://digitalcontent.api.tesco.com/v2/media/ghs/35b8ab34-ec61-43ea-8e8f-0b5a42c8be6b/d6b634ab-91b4-4ad5-a4ba-8f81ed6d0b6e_1301181886.jpeg?h=225&w=225,Food Cupboard,"Crisps, Snacks, Nuts & Popcorn"
311259149,Walkers Wotsits Crunchy Flamin' Hot Sharing Bag Crisps 140g,£2.25,£1.61/100g,£1.65 Save 25% Clubcard Price,(£1.18/100g),True,Offer valid for delivery from 26/02/2025 until 22/04/2025,False,4.6,9,False,https://www.tesco.com/groceries/en-GB/products/311259149,https://digitalcontent.api.tesco.com/v2/media/ghs/c46fcff8-54b8-411f-b8da-e318fe8a6bc1/4975fe2f-45d3-44c2-9c48-f014bc8299e0_389867595.jpeg?h=225&w=225,Food Cupboard,"Crisps, Snacks, Nuts & Popcorn"
300595049,Tesco Onion Rings 10 Pack 170G,£1.75,£1.03/100g,,,False,,False,3.2,36,False,https://www.tesco.com/groceries/en-GB/products/300595049,https://digitalcontent.api.tesco.com/v2/media/ghs/775fb584-4daa-4e61-aa48-82e8cf622269/13f2f5a6-2aea-4ac6-8e67-56a275e7ad39_1379177021.jpeg?h=225&w=225,Food Cupboard,"Crisps, Snacks, Nuts & Popcorn"
302037218,Propercorn Salted Microwave Popcorn 3X70g,£2.00,£0.95/100g,£1.75 Clubcard Price,(£0.83/100g),True,Offer valid for delivery from 26/03/2025 until 10/05/2025,False,3.1,20,False,https://www.tesco.com/groceries/en-GB/products/302037218,https://digitalcontent.api.tesco.com/v2/media/ghs/40c56508-db5f-48b7-88dc-188e011f0d8e/68c333da-ffd1-4429-97a6-9e2f46d3af55_1584004451.jpeg?h=225&w=225,Food Cupboard,"Crisps, Snacks, Nuts & Popcorn"
311430793,Walkers Wotsits Giants Prawn Cocktail Sharing Bag Crisps 105g,£2.25,£2.14/100g,£1.45 Clubcard Price,(£1.38/100g),True,Offer valid for delivery from 29/03/2025 until 22/04/2025,False,3.5,20,False,https://www.tesco.com/groceries/en-GB/products/311430793,https://digitalcontent.api.tesco.com/v2/media/ghs/b4d7e71c-ba57-433f-a21e-ac4d079424d2/b1baff7b-0808-47d2-9365-acea959e8e17_517313540.jpeg?h=225&w=225,Food Cupboard,"Crisps, Snacks, Nuts & Popcorn"
310103027,Proper Chips Salt & Vinegar Lentil Chips 5 X 14G,£2.00,£2.86/100g,£1.50 Save 25% Clubcard Price,(£2.14/100g),True,Offer valid for delivery from 26/02/2025 until 22/04/2025,False,3.2,8,False,https://www.tesco.com/groceries/en-GB/products/310103027,https://digitalcontent.api.tesco.com/v2/media/ghs/17e1da9b-b208-4dbf-b8ec-ebc7c3365b3c/0dc98de4-65a2-4410-897f-5f03a095e639_653652703.jpeg?h=225&w=225,Food Cupboard,"Crisps, Snacks, Nuts & Popcorn"
310111579,Proper Chips Bbq Lentil Chips 5X14g,£2.00,£2.86/100g,£1.50 Save 25% Clubcard Price,(£2.14/100g),True,Offer valid for delivery from 26/02/2025 until 22/04/2025,False,3.8,12,False,https://www.tesco.com/groceries/en-GB/products/310111579,https://digitalcontent.api.tesco.com/v2/media/ghs/5b127b5d-2b7b-494a-9a5d-ec27455ea7c3/5ede4dd1-1130-4cfa-83c5-fdcf9a548dc0_1613090343.jpeg?h=225&w=225,Food Cupboard,"Crisps, Snacks, Nuts & Popcorn"
305955307,Walkers Wotsits Giants Flamin' Hot Sharing Bag Crisps 130g,£2.25,£1.73/100g,£1.45 Clubcard Price,(£1.12/100g),True,Offer valid for delivery from 29/03/2025 until 22/04/2025,False,4.1,13,False,https://www.tesco.com/groceries/en-GB/products/305955307,https://digitalcontent.api.tesco.com/v2/media/ghs/20ddb65f-64c6-4e58-8b7d-f56b65311fac/545ccbc8-350c-4fa4-ba8d-076b0b6272be_239515171.jpeg?h=225&w=225,Food Cupboard,"Crisps, Snacks, Nuts & Popcorn"
300273995,Tesco Tortilla Chips Hot Chill Flavour 200G,£0.95,£0.48/100g,,,False,,False,2.2,41,False,https://www.tesco.com/groceries/en-GB/products/300273995,https://digitalcontent.api.tesco.com/v2/media/ghs/c3190bd9-25ff-4330-b38d-1595a76c66df/a033af6c-2986-460a-8072-22f42afafe88_173576981.jpeg?h=225&w=225,Food Cupboard,"Crisps, Snacks, Nuts & Popcorn"
280906192,Aasani Roasted & Salted Jumbo Pistachios 500G,£6.00,£12.00/kg,£5.40 Clubcard Price,(£10.80/kg),True,Offer valid for delivery from 12/02/2025 until 21/04/2025,False,4.3,30,False,https://www.tesco.com/groceries/en-GB/products/280906192,https://digitalcontent.api.tesco.com/v2/media/ghs/8c2d81fc-a869-4014-ab80-445308c583ae/10952163-3a1b-4cec-baf1-3132ea9e2761_1521909055.jpeg?h=225&w=225,Food Cupboard,"Crisps, Snacks, Nuts & Popcorn"
293425049,Bear Blackcurrant Fruit Rolls YoYos 9 x 20g,£4.65,£2.58/100g,,,False,,False,4.4,11,False,https://www.tesco.com/groceries/en-GB/products/293425049,https://digitalcontent.api.tesco.com/v2/media/ghs/67211758-6f5e-4ef8-b0c5-fd87418c85b4/46c0d005-83d2-4fab-a94a-da0166085db6_1007627298.jpeg?h=225&w=225,Food Cupboard,"Crisps, Snacks, Nuts & Popcorn"
295684372,Bear Yoyo Sours Strawberry & Apple 5X20g,£3.00,£3.00/100g,£2.00 Save 1/3 Clubcard Price,(£2.00/100g),True,Offer valid for delivery from 16/04/2025 until 13/05/2025,False,4.2,6,False,https://www.tesco.com/groceries/en-GB/products/295684372,https://digitalcontent.api.tesco.com/v2/media/ghs/6a37aac7-85b1-4cbc-86b8-cc13d1c0e567/ddc6fb1a-0a73-426c-97fe-7c7fb7229ae5_931696776.jpeg?h=225&w=225,Food Cupboard,"Crisps, Snacks, Nuts & Popcorn"
306927708,Bear Giant Yoyo - Apple & Blackcurrant 5 x 20g,£3.00,£3.00/100g,£2.00 Save 1/3 Clubcard Price,(£2.00/100g),True,Offer valid for delivery from 16/04/2025 until 13/05/2025,False,,3,False,https://www.tesco.com/groceries/en-GB/products/306927708,https://digitalcontent.api.tesco.com/v2/media/ghs/6c6d6319-8446-44f3-a629-b31f56f60c56/b647685c-e6e9-4f12-b602-fba1d3a03ee2_654831539.jpeg?h=225&w=225,Food Cupboard,"Crisps, Snacks, Nuts & Popcorn"
306934210,Bear Giant Yoyo - Strawberry & Mango 5 x 20g,£3.00,£3.00/100g,£2.00 Save 1/3 Clubcard Price,(£2.00/100g),True,Offer valid for delivery from 16/04/2025 until 13/05/2025,False,,4,False,https://www.tesco.com/groceries/en-GB/products/306934210,https://digitalcontent.api.tesco.com/v2/media/ghs/7192042e-3cb2-49cf-a2ce-128881026a46/19340474-82ec-4987-a7bf-85328369d53f_715660910.jpeg?h=225&w=225,Food Cupboard,"Crisps, Snacks, Nuts & Popcorn"
306945491,Bear Blackcurrant & Beetroot Bites 5 x 18g,£2.85,£3.17/100g,£2.15 Clubcard Price,(£2.39/100g),True,Offer valid for delivery from 16/04/2025 until 13/05/2025,False,,,False,https://www.tesco.com/groceries/en-GB/products/306945491,https://digitalcontent.api.tesco.com/v2/media/ghs/dd99bad5-1476-4a41-b693-af434b73d1b3/b2328fad-3e9a-4af1-b877-bf9f749d9b55_779401648.jpeg?h=225&w=225,Food Cupboard,"Crisps, Snacks, Nuts & Popcorn"
305522313,Magicorn Eazy Pop Microwave Popcorn - Salted 85g,£0.90,£1.06/100g,,,False,,False,2.5,4,False,https://www.tesco.com/groceries/en-GB/products/305522313,https://digitalcontent.api.tesco.com/v2/media/ghs/5599ac6a-4793-4b3a-bb85-84102eee7dd3/0bf3d4ec-0bc0-4ae2-a06a-18885fecd0ad_1664315447.jpeg?h=225&w=225,Food Cupboard,"Crisps, Snacks, Nuts & Popcorn"
310677479,Graze Marmite Crunch Protein Sharing Bag Snack 100G,£2.50,£25.00/kg,,,False,,False,4.4,183,False,https://www.tesco.com/groceries/en-GB/products/310677479,https://digitalcontent.api.tesco.com/v2/media/ghs/3ab1f841-e9ae-427d-88d6-4db0de0a96b7/5288e5d7-167a-4aec-b830-2e189e14b378_786411459.jpeg?h=225&w=225,Food Cupboard,"Crisps, Snacks, Nuts & Popcorn"
297814101,Kp Chilli Peanuts 225G,£3.25,£14.44/kg,£2.75 Clubcard Price,(£12.22/kg),True,Offer valid for delivery from 26/03/2025 until 22/04/2025,False,4.5,40,False,https://www.tesco.com/groceries/en-GB/products/297814101,https://digitalcontent.api.tesco.com/v2/media/ghs/605b8af3-6780-449a-938e-22772c1ca966/a3faa629-b0e4-49fa-9690-914f47314082_927390887.jpeg?h=225&w=225,Food Cupboard,"Crisps, Snacks, Nuts & Popcorn"
271646161,Organix Noughts & Crosses 4X15g,£2.50,£4.17/100g,,,False,,False,4.7,33,False,https://www.tesco.com/groceries/en-GB/products/271646161,https://digitalcontent.api.tesco.com/v2/media/ghs/70747769-9ce1-4d07-bda3-4dad69525fbe/1ea8ebe4-fd6f-496c-a915-5c0f37947bfb_1969396294.jpeg?h=225&w=225,Food Cupboard,"Crisps, Snacks, Nuts & Popcorn"
310129639,Kp Salted Peanuts Snack Packs 5 X 30G,£3.25,£2.17/100g,£2.50 Clubcard Price,(£1.67/100g),True,Offer valid for delivery from 26/03/2025 until 22/04/2025,False,4.7,35,False,https://www.tesco.com/groceries/en-GB/products/310129639,https://digitalcontent.api.tesco.com/v2/media/ghs/789197aa-2ced-4d97-8ecd-5a482d83d612/17136f83-dfcf-419e-9ac6-f64de5991f9e_1574530153.jpeg?h=225&w=225,Food Cupboard,"Crisps, Snacks, Nuts & Popcorn"
278170199,Proper Sea Salted Popcorn 70g,£2.00,£2.86/100g,,,False,,False,4.5,2,False,https://www.tesco.com/groceries/en-GB/products/278170199,https://digitalcontent.api.tesco.com/v2/media/ghs/bd4d26b5-af1e-4502-8f53-dae0c1bdc087/873b75df-e504-4550-80c9-31579d251524_283128766.jpeg?h=225&w=225,Food Cupboard,"Crisps, Snacks, Nuts & Popcorn"
300594966,Tesco Mixed Snacks 30 Pack 530G,£3.65,£0.69/100g,,,False,,False,4.3,46,False,https://www.tesco.com/groceries/en-GB/products/300594966,https://digitalcontent.api.tesco.com/v2/media/ghs/da99b8cd-46a0-4478-be3f-a5d85d8eb1af/6967757a-214c-4e8c-abce-7d3dbe65a5f5_1200029141.jpeg?h=225&w=225,Food Cupboard,"Crisps, Snacks, Nuts & Popcorn"
262858200,Burts Potato Chips Mature Cheddar & Onion 150G,£2.00,£1.33/100g,,,False,,False,3.4,7,False,https://www.tesco.com/groceries/en-GB/products/262858200,https://digitalcontent.api.tesco.com/v2/media/ghs/5f541f52-684a-4fcb-abd5-17b8f8e2deef/4e189659-c0e3-4746-b242-ac9aa13b6ea6_122790425.jpeg?h=225&w=225,Food Cupboard,"Crisps, Snacks, Nuts & Popcorn"
307361223,Peperami Tender Jerky Original 50G,£2.15,£4.30/100g,,,False,,False,4.4,41,False,https://www.tesco.com/groceries/en-GB/products/307361223,https://digitalcontent.api.tesco.com/v2/media/ghs/0f28ad54-9cbf-4da9-9ad5-9cc240746add/6cf1dfe1-1a20-419a-aacb-02235b5cbc7a_770049797.jpeg?h=225&w=225,Food Cupboard,"Crisps, Snacks, Nuts & Popcorn"
300595061,Tesco Bacon Rashers 10 Pack 190G,£1.75,£0.92/100g,,,False,,False,3.4,28,False,https://www.tesco.com/groceries/en-GB/products/300595061,https://digitalcontent.api.tesco.com/v2/media/ghs/d11cf96e-51f1-4dd1-a17e-2fd3ce5a9d16/96e8554a-add2-4369-a890-5f571a1f26ca_224367509.jpeg?h=225&w=225,Food Cupboard,"Crisps, Snacks, Nuts & Popcorn"
272556968,Regal Snacks Popcorn - Sweet 250g,£1.80,£0.72/100g,,,False,,False,,7,False,https://www.tesco.com/groceries/en-GB/products/272556968,https://digitalcontent.api.tesco.com/v2/media/ghs/b566b2e6-26fb-4985-8f52-ac54c9f11801/75128777-f0bc-4e84-806e-e63709737a23_436379619.jpeg?h=225&w=225,Food Cupboard,"Crisps, Snacks, Nuts & Popcorn"
272556945,Regal Snacks Salted Popcorn 150g,£1.80,£1.20/100g,,,False,,False,,4,False,https://www.tesco.com/groceries/en-GB/products/272556945,https://digitalcontent.api.tesco.com/v2/media/ghs/30373ee4-566f-417b-8c3b-999f33610e96/562316a2-3531-4cac-a676-35aa63c805a7_646955169.jpeg?h=225&w=225,Food Cupboard,"Crisps, Snacks, Nuts & Popcorn"
293425061,Bear Yoyo Mango 9Pack 180G,£4.65,£2.58/100g,,,False,,False,4.7,992,False,https://www.tesco.com/groceries/en-GB/products/293425061,https://digitalcontent.api.tesco.com/v2/media/ghs/5842f39a-08fd-49d0-97e6-d3b1c39e5782/05a58268-eae0-4293-bf14-caf3dc9c9d46_2046156539.jpeg?h=225&w=225,Food Cupboard,"Crisps, Snacks, Nuts & Popcorn"
312339923,Wild West Original Beef Jerky 60G,£3.30,£5.50/100g,,,False,,False,,1,False,https://www.tesco.com/groceries/en-GB/products/312339923,https://digitalcontent.api.tesco.com/v2/media/ghs/b65f50a7-07e8-4cee-b385-19c601e3ffdc/c4041dff-cd09-4369-ba03-7d8766f9371a_1657038203.jpeg?h=225&w=225,Food Cupboard,"Crisps, Snacks, Nuts & Popcorn"
313008231,Cruga Chilli Biltong - Gluten Free 60g,£3.00,£50.00/kg,,,False,,False,,1,False,https://www.tesco.com/groceries/en-GB/products/313008231,https://digitalcontent.api.tesco.com/v2/media/ghs/afc51989-73dc-4f8d-9208-97949c42aeed/4fc81ba5-2975-4ebb-9acc-776ad838eb7e_1150933988.jpeg?h=225&w=225,Food Cupboard,"Crisps, Snacks, Nuts & Popcorn"
310098104,Kp Snack Packs Dry Roasted Peanuts 5 X 30G,£3.25,£2.17/100g,£2.50 Clubcard Price,(£1.67/100g),True,Offer valid for delivery from 26/03/2025 until 22/04/2025,False,4.9,36,False,https://www.tesco.com/groceries/en-GB/products/310098104,https://digitalcontent.api.tesco.com/v2/media/ghs/ab5aa8f4-14b7-48dc-97f5-728898069949/93e8f645-c48d-4839-96bd-674b744a7a78_2026944526.jpeg?h=225&w=225,Food Cupboard,"Crisps, Snacks, Nuts & Popcorn"
312366821,Kings Wagyu Beef Jerky 45G,£3.00,£66.67/kg,£2.50 Clubcard Price,(£55.56/kg),True,Offer valid for delivery from 26/03/2025 until 22/04/2025,False,,1,False,https://www.tesco.com/groceries/en-GB/products/312366821,https://digitalcontent.api.tesco.com/v2/media/ghs/8f51c596-c48f-4349-86c0-eae57a964f56/3e58b771-f36c-408b-9eab-b1f2327067cd_2076428910.jpeg?h=225&w=225,Food Cupboard,"Crisps, Snacks, Nuts & Popcorn"
297348629,Tesco Roasted Pistachios Without Shells - Salted 100g,£3.00,£30.00/kg,,,False,,False,4.9,19,False,https://www.tesco.com/groceries/en-GB/products/297348629,https://digitalcontent.api.tesco.com/v2/media/ghs/35f016cc-81d1-4545-a50f-41d33564a366/de658bd1-b829-48c8-aaf5-da0014f0724e_341886678.jpeg?h=225&w=225,Food Cupboard,"Crisps, Snacks, Nuts & Popcorn"
309470897,Burts Devon Roast Beef Potato Chips 150G,£2.00,£1.33/100g,,,False,,False,4.8,10,False,https://www.tesco.com/groceries/en-GB/products/309470897,https://digitalcontent.api.tesco.com/v2/media/ghs/63e525a8-2d61-4d38-a26d-657a4e7ef7a9/7a979831-dc5d-48c2-8030-817b7678742a_61964038.jpeg?h=225&w=225,Food Cupboard,"Crisps, Snacks, Nuts & Popcorn"
267335304,Cofresh Roasted & Salted Crunchy Corn Nuts 175G,£1.50,£8.57/kg,,,False,,False,3.3,10,False,https://www.tesco.com/groceries/en-GB/products/267335304,https://digitalcontent.api.tesco.com/v2/media/ghs/e96206b7-fec6-4b48-8e6a-129e7e2cefe6/6a64eb9a-936b-40cf-81a9-a235475bd835_917521831.jpeg?h=225&w=225,Food Cupboard,"Crisps, Snacks, Nuts & Popcorn"
301087183,Love Corn Sea Salt 115G,£2.20,£1.91/100g,£1.65 Save 25% Clubcard Price,(£1.43/100g),True,Offer valid for delivery from 26/03/2025 until 22/04/2025,False,4.9,45,False,https://www.tesco.com/groceries/en-GB/products/301087183,https://digitalcontent.api.tesco.com/v2/media/ghs/35bd014e-63d6-4601-90ee-8ed06d9f1e8e/ba8975ae-cb84-49ca-94f8-6252f1b1efc7_845703668.jpeg?h=225&w=225,Food Cupboard,"Crisps, Snacks, Nuts & Popcorn"
301087160,Love Corn Smoked Bbq 115G,£2.20,£1.91/100g,£1.65 Save 25% Clubcard Price,(£1.43/100g),True,Offer valid for delivery from 26/03/2025 until 22/04/2025,False,4.7,55,False,https://www.tesco.com/groceries/en-GB/products/301087160,https://digitalcontent.api.tesco.com/v2/media/ghs/ce127b12-ac8a-4585-bf35-bed55bc2f70b/e54ea098-20b8-4da8-81d5-4a4f64bddca7_893978785.jpeg?h=225&w=225,Food Cupboard,"Crisps, Snacks, Nuts & Popcorn"
312838799,Walkers Max Double Coated Peanuts Chilli & Lime Sharing Bag 175g,£2.50,£1.43/100g,£1.50 Clubcard Price,(£0.86/100g),True,Offer valid for delivery from 26/03/2025 until 22/04/2025,False,3.5,2,False,https://www.tesco.com/groceries/en-GB/products/312838799,https://digitalcontent.api.tesco.com/v2/media/ghs/f23f435c-941a-4031-a4d2-a745fcaccb09/962cb809-7761-46fc-a030-a9ea740486a2_34819177.jpeg?h=225&w=225,Food Cupboard,"Crisps, Snacks, Nuts & Popcorn"
267335264,Cofresh Crunchy Corn Nuts Chilli & Lemon 175G,£1.50,£8.57/kg,,,False,,False,,1,False,https://www.tesco.com/groceries/en-GB/products/267335264,https://digitalcontent.api.tesco.com/v2/media/ghs/7c859c6d-8eff-49eb-a942-9374077a5c1d/7d92f888-d856-42f9-9022-c5cfabc95062_2106151842.jpeg?h=225&w=225,Food Cupboard,"Crisps, Snacks, Nuts & Popcorn"
287548682,Cofresh Spicy Green Peas & Peanuts 325G,£1.65,£5.08/kg,,,False,,False,,,False,https://www.tesco.com/groceries/en-GB/products/287548682,https://digitalcontent.api.tesco.com/v2/media/ghs/a2097c08-70dd-4e1a-b398-dad3ff906c0c/f335524a-3772-4edc-82e5-78bf3324c799_35827938.jpeg?h=225&w=225,Food Cupboard,"Crisps, Snacks, Nuts & Popcorn"
287593514,Cofresh Sesame Coated Caramel Peanuts 150G,£1.50,£10.00/kg,,,False,,False,,5,False,https://www.tesco.com/groceries/en-GB/products/287593514,https://digitalcontent.api.tesco.com/v2/media/ghs/5591a126-3bdf-47b7-8186-de75b00c2f94/940b59dc-75d1-411d-9263-9e1d9d7db5ce_88552289.jpeg?h=225&w=225,Food Cupboard,"Crisps, Snacks, Nuts & Popcorn"
312085894,Popworks Sweet & Salty Sharing Bag Popped Crisps 85g,£2.00,£2.35/100g,£1.25 Clubcard Price,(£1.47/100g),True,Offer valid for delivery from 26/03/2025 until 22/04/2025,False,4.4,374,False,https://www.tesco.com/groceries/en-GB/products/312085894,https://digitalcontent.api.tesco.com/v2/media/ghs/ffacb021-04f5-4a5a-87ef-7e836f4e364c/1f588fec-4fbe-4e9e-930f-d5298ac422d3_1900453608.jpeg?h=225&w=225,Food Cupboard,"Crisps, Snacks, Nuts & Popcorn"
287593595,Cofresh Spicy Roasted Balti Cashews 150G,£2.25,£15.00/kg,,,False,,False,,1,False,https://www.tesco.com/groceries/en-GB/products/287593595,https://digitalcontent.api.tesco.com/v2/media/ghs/931a981c-50cb-4271-bc5d-360669b632a4/5cdd7711-c2b9-42b4-9b96-7eb029a3e87d_1469208778.jpeg?h=225&w=225,Food Cupboard,"Crisps, Snacks, Nuts & Popcorn"
287593572,Cofresh Roasted & Salted Cashew Nuts 150G,£2.25,£15.00/kg,,,False,,False,,,False,https://www.tesco.com/groceries/en-GB/products/287593572,https://digitalcontent.api.tesco.com/v2/media/ghs/fb22a40e-782d-4726-a0e5-c9f341d6d723/010cbaec-15b4-4c8b-871a-8700f57bc4e1_1983601762.jpeg?h=225&w=225,Food Cupboard,"Crisps, Snacks, Nuts & Popcorn"
275523467,Natco Luxury Fruit & Nut Mix 750G,£6.80,£9.07/kg,,,False,,False,,2,False,https://www.tesco.com/groceries/en-GB/products/275523467,https://digitalcontent.api.tesco.com/v2/media/ghs/2ab9df60-6a5a-4526-b123-11f253e1b079/dd051f41-50ed-467d-a47b-356528477ee4_912632105.jpeg?h=225&w=225,Food Cupboard,"Crisps, Snacks, Nuts & Popcorn"
313736618,Capsicana Easy-Going Salsa 285g,£2.85,£1.00/100g,,,False,,False,4.6,51,False,https://www.tesco.com/groceries/en-GB/products/313736618,https://digitalcontent.api.tesco.com/v2/media/ghs/266fe9f3-42be-42d6-9a5c-715861b34435/5399b6c7-97c3-45f5-9410-cf814cec42fd_86843087.jpeg?h=225&w=225,Food Cupboard,"Crisps, Snacks, Nuts & Popcorn"
316075433,Doritos Extra Flamin' Hot Tortilla Chips 163g,£2.50,£1.53/100g,,,False,,False,3.8,19,False,https://www.tesco.com/groceries/en-GB/products/316075433,https://digitalcontent.api.tesco.com/v2/media/ghs/0f2af8cf-933b-42e8-885a-c3acfe66944e/57fb50e5-95b0-433b-9b6e-000e7fdf6f7e_264428065.jpeg?h=225&w=225,Food Cupboard,"Crisps, Snacks, Nuts & Popcorn"
317556669,Doritos Tortilla Chips Chilli Heatwave Sharing Bag Crisps 180g,£2.50,£1.39/100g,£1.75 Clubcard Price,(£0.97/100g),True,Offer valid for delivery from 16/04/2025 until 22/04/2025,False,4.7,36,False,https://www.tesco.com/groceries/en-GB/products/317556669,https://digitalcontent.api.tesco.com/v2/media/ghs/ecca1105-a66e-4ff9-bda0-f649d6161a12/3b2e53f6-6585-4c45-a41c-356ba2d06d82_205389891.jpeg?h=225&w=225,Food Cupboard,"Crisps, Snacks, Nuts & Popcorn"
317553436,Doritos Tortilla Chips Tangy Cheese Sharing Bag Crisps 180g,£2.50,£1.39/100g,£1.75 Clubcard Price,(£0.97/100g),True,Offer valid for delivery from 16/04/2025 until 22/04/2025,False,4.6,38,False,https://www.tesco.com/groceries/en-GB/products/317553436,https://digitalcontent.api.tesco.com/v2/media/ghs/63168b3d-9467-43ab-8586-c68036215c87/d4f73963-6c69-4778-8563-6c6b926ca2da_1986554419.jpeg?h=225&w=225,Food Cupboard,"Crisps, Snacks, Nuts & Popcorn"
317531543,Doritos Tortilla Chips Cool Original Sharing Bag Crisps 180g,£2.50,£1.39/100g,£1.75 Clubcard Price,(£0.97/100g),True,Offer valid for delivery from 16/04/2025 until 22/04/2025,False,4.4,38,False,https://www.tesco.com/groceries/en-GB/products/317531543,https://digitalcontent.api.tesco.com/v2/media/ghs/17f0c9c8-1ceb-4e31-859e-7d846c6770a5/4bcac99e-9007-4c46-b72f-4c466f9a6dd2_1174231661.jpeg?h=225&w=225,Food Cupboard,"Crisps, Snacks, Nuts & Popcorn"
313373148,Graze Sweet Chilli Crunch 100g,£2.50,£25.00/kg,,,False,,False,4.5,470,False,https://www.tesco.com/groceries/en-GB/products/313373148,https://digitalcontent.api.tesco.com/v2/media/ghs/e154bac7-1107-4e59-8f35-c5d17dd9e73c/f49a7194-d9fe-4f66-908e-b9f13990f505_1482899604.jpeg?h=225&w=225,Food Cupboard,"Crisps, Snacks, Nuts & Popcorn"
313370900,Graze Smoky Barbecue Crunch 100g,£2.50,£25.00/kg,,,False,,False,4.6,480,False,https://www.tesco.com/groceries/en-GB/products/313370900,https://digitalcontent.api.tesco.com/v2/media/ghs/2f261398-ab4b-4f8d-982c-217591411e78/ea767dcc-16dd-4bc0-87f1-efbbe381e321_50932918.jpeg?h=225&w=225,Food Cupboard,"Crisps, Snacks, Nuts & Popcorn"
306813313,Forest Feast Salted Dark Chocolate Almonds 120G,£3.40,£28.33/kg,,,False,,False,,,False,https://www.tesco.com/groceries/en-GB/products/306813313,https://digitalcontent.api.tesco.com/v2/media/ghs/4aa2a62e-e28d-449b-92af-3b259dee2298/96cd2851-4a49-4c86-a132-b9a1c786e9ba_1828410531.jpeg?h=225&w=225,Food Cupboard,"Crisps, Snacks, Nuts & Popcorn"
312842160,Graze Salt & Vinegar Crunch Protein Sharing Bag Snack 100G,£2.50,£25.00/kg,,,False,,False,4.5,151,False,https://www.tesco.com/groceries/en-GB/products/312842160,https://digitalcontent.api.tesco.com/v2/media/ghs/b7034904-e6de-4446-ba0b-75dde6a6eb7e/79034fcd-7e48-44fe-9310-0b15f2a89735_1797544695.jpeg?h=225&w=225,Food Cupboard,"Crisps, Snacks, Nuts & Popcorn"
320686995,Doritos Sweet BBQ Tang Sharing Crisps 180g,£2.50,£1.39/100g,,,False,,False,,2,False,https://www.tesco.com/groceries/en-GB/products/320686995,https://digitalcontent.api.tesco.com/v2/media/ghs/c5f0c940-48f0-4851-845d-4d2ccfe0a338/29148bda-3efb-4206-8e1a-6caa82fc9418_752939660.jpeg?h=225&w=225,Food Cupboard,"Crisps, Snacks, Nuts & Popcorn"
320543686,Doritos Zingy Vinegar Blast Sharing Crisps 180g,£2.50,£1.39/100g,,,False,,False,3.7,9,False,https://www.tesco.com/groceries/en-GB/products/320543686,https://digitalcontent.api.tesco.com/v2/media/ghs/b960e93f-5c98-4e5f-b68b-e419e4c0fe9b/bd3449b5-6826-40c4-b471-c5484a989728_288360230.jpeg?h=225&w=225,Food Cupboard,"Crisps, Snacks, Nuts & Popcorn"
311210397,Forest Feast Salted Caramel Milk Chocolate Almond 120G,£3.40,£28.33/kg,,,False,,False,,4,False,https://www.tesco.com/groceries/en-GB/products/311210397,https://digitalcontent.api.tesco.com/v2/media/ghs/839b8246-ca5a-46a2-be4b-b7d1f3e809e9/c8d49477-3e13-446b-8a1f-80e592a96cb1_339784532.jpeg?h=225&w=225,Food Cupboard,"Crisps, Snacks, Nuts & Popcorn"
313361456,Graze Sea Salt & Pepper Protein Veg & Cashew Nuts Sharing Bag Snack 100G,£2.50,£25.00/kg,,,False,,False,4.4,163,False,https://www.tesco.com/groceries/en-GB/products/313361456,https://digitalcontent.api.tesco.com/v2/media/ghs/7f6dc858-a38f-492a-a219-0be5bbd0b5e8/c9a5efed-188a-45c2-9ab1-df55570093d0_384333897.jpeg?h=225&w=225,Food Cupboard,"Crisps, Snacks, Nuts & Popcorn"
320660881,Doritos Dip or Load Zesty Lime Sharing Crisps 230g,£2.40,£1.04/100g,£1.75 Clubcard Price,(£0.76/100g),True,Offer valid for delivery from 26/03/2025 until 20/05/2025,False,,,False,https://www.tesco.com/groceries/en-GB/products/320660881,https://digitalcontent.api.tesco.com/v2/media/ghs/6b0c8e2f-9bf6-4e58-971f-13dfac219874/98bb14c2-af1b-43d6-9d29-8ba34a4cf974_51943898.jpeg?h=225&w=225,Food Cupboard,"Crisps, Snacks, Nuts & Popcorn"
313730481,Graze Protein Nut Crunch - Chilli & Lime 100g,£2.50,£25.00/kg,,,False,,False,4.4,314,False,https://www.tesco.com/groceries/en-GB/products/313730481,https://digitalcontent.api.tesco.com/v2/media/ghs/f9873726-a9c6-43d9-b4e9-3fe851863a6c/3c833ab1-ff2f-401c-88d7-e5b9898e54ab_93207877.jpeg?h=225&w=225,Food Cupboard,"Crisps, Snacks, Nuts & Popcorn"
321338715,Doritos Dip or Load Original Salt Sharing Crisps 230g,£2.40,£1.04/100g,£1.75 Clubcard Price,(£0.76/100g),True,Offer valid for delivery from 26/03/2025 until 20/05/2025,False,,,False,https://www.tesco.com/groceries/en-GB/products/321338715,https://digitalcontent.api.tesco.com/v2/media/ghs/a887e426-f7c9-422a-984e-bfd0add31f3f/620c01d6-1df1-4fe9-847c-145e16bf8d3d_1277390029.jpeg?h=225&w=225,Food Cupboard,"Crisps, Snacks, Nuts & Popcorn"
321032097,Doritos Dip or Load Pinch of Paprika Sharing Crisps 230g,£2.40,£1.04/100g,£1.75 Clubcard Price,(£0.76/100g),True,Offer valid for delivery from 26/03/2025 until 20/05/2025,False,,,False,https://www.tesco.com/groceries/en-GB/products/321032097,https://digitalcontent.api.tesco.com/v2/media/ghs/e3f3f139-91b5-43a6-bdf1-c27b1f0b69f2/269825bd-6752-42ef-9eea-2fcb6b32ae66_764781586.jpeg?h=225&w=225,Food Cupboard,"Crisps, Snacks, Nuts & Popcorn"
320661701,Walkers Sensations Slow Roasted Pork & Apple Sauce Sharing Crisps 150g,£2.50,£1.67/100g,£1.65 Save 1/3 Clubcard Price,(£1.10/100g),True,Offer valid for delivery from 26/02/2025 until 22/04/2025,False,1.6,20,False,https://www.tesco.com/groceries/en-GB/products/320661701,https://digitalcontent.api.tesco.com/v2/media/ghs/165f4bd2-3f1e-4b2f-bd8b-c3b9e9b1ff3b/ca76331c-b928-4230-95cb-3d88def6d096_588397512.jpeg?h=225&w=225,Food Cupboard,"Crisps, Snacks, Nuts & Popcorn"
316292777,Tesco Finest Tortilla Chips - Sour Cream & Zingy Lime 150g,£1.50,£1.00/100g,,,False,,False,4.3,17,False,https://www.tesco.com/groceries/en-GB/products/316292777,https://digitalcontent.api.tesco.com/v2/media/ghs/45fc8ced-963b-4ec1-a70f-5f3a92007941/87966767-2816-4854-9b9c-96e464085636_523164702.jpeg?h=225&w=225,Food Cupboard,"Crisps, Snacks, Nuts & Popcorn"
316177439,Tesco Finest Tortilla Chips - Chilli Salsa Roja 150g,£1.50,£1.00/100g,,,False,,False,3.8,11,False,https://www.tesco.com/groceries/en-GB/products/316177439,https://digitalcontent.api.tesco.com/v2/media/ghs/e32cafa1-aef7-489b-9569-a4bea7c181a2/40ccde36-7549-46a1-abaa-f3a55e401224_977724000.jpeg?h=225&w=225,Food Cupboard,"Crisps, Snacks, Nuts & Popcorn"
297022646,Walkers Max Paprika Crisps 6X27g,£2.20,£1.36/100g,£1.65 Save 25% Clubcard Price,(£1.02/100g),True,Offer valid for delivery from 26/03/2025 until 22/04/2025,False,,,False,https://www.tesco.com/groceries/en-GB/products/297022646,https://digitalcontent.api.tesco.com/v2/media/ghs/86007a8a-84a7-4ce8-b21c-28c60951950d/4adc501f-7cc2-47ec-be70-0c16e64b3cfa_924278548.jpeg?h=225&w=225,Food Cupboard,"Crisps, Snacks, Nuts & Popcorn"
315975631,Tesco Vanilla Flavoured Popcorn 100g,£1.20,£12.00/kg,,,False,,False,3.3,12,False,https://www.tesco.com/groceries/en-GB/products/315975631,https://digitalcontent.api.tesco.com/v2/media/ghs/0c66adb3-9053-46d8-9e54-be5d01c8d20a/cf676b23-bbf8-46e1-9609-024ecb8bcbeb_538349374.jpeg?h=225&w=225,Food Cupboard,"Crisps, Snacks, Nuts & Popcorn"
316180193,Tesco Strawberries & Cream Flavour Popcorn 100g,£1.20,£12.00/kg,,,False,,False,3.2,13,False,https://www.tesco.com/groceries/en-GB/products/316180193,https://digitalcontent.api.tesco.com/v2/media/ghs/e501ff1a-1853-440a-b3a2-93a1472ad93c/216588d8-83ee-4a10-addc-12b19000529e_1230864337.jpeg?h=225&w=225,Food Cupboard,"Crisps, Snacks, Nuts & Popcorn"
313751070,Pringles Original Sharing Crisps 185g,,,£1.95 Clubcard Price,(£1.05/100g),True,Offer valid for delivery from 26/03/2025 until 27/05/2025,False,4.6,74,False,https://www.tesco.com/groceries/en-GB/products/313751070,https://digitalcontent.api.tesco.com/v2/media/ghs/f6fc9b7e-927a-408f-8ad4-d740f9337e28/c38da750-c758-4cd3-bc11-45e74981d8e2_224596937.jpeg?h=225&w=225,Food Cupboard,"Crisps, Snacks, Nuts & Popcorn"
313504104,Smiths Frazzles Bacon Sharing Bag Crisps 120g,,,,,False,,False,3.5,2,False,https://www.tesco.com/groceries/en-GB/products/313504104,https://digitalcontent.api.tesco.com/v2/media/ghs/6e96f46a-f27e-4eec-bb87-8793cce4d63d/3d591c93-5794-4d87-bb75-fa839e8ec178_643306678.jpeg?h=225&w=225,Food Cupboard,"Crisps, Snacks, Nuts & Popcorn"
314699216,Tesco Lightly Salted Tortilla Chips 200g,£0.95,£0.48/100g,,,False,,False,2.9,10,False,https://www.tesco.com/groceries/en-GB/products/314699216,https://digitalcontent.api.tesco.com/v2/media/ghs/ea565002-2ac7-429b-9b5c-c106fee244c2/f223b56b-fc08-4a90-beaa-afe368d0b486_2075797311.jpeg?h=225&w=225,Food Cupboard,"Crisps, Snacks, Nuts & Popcorn"
313172651,Capsicana Mexican Guacamole Mix 25G,£0.75,£3.00/100g,60p Clubcard Price,(£2.40/100g),True,Offer valid for delivery from 16/04/2025 until 13/05/2025,False,4.4,29,False,https://www.tesco.com/groceries/en-GB/products/313172651,https://digitalcontent.api.tesco.com/v2/media/ghs/2cd2ff6f-c99d-4f04-90e1-ff49fca9be8f/df9b743f-1102-48db-ae89-fd8433d667a8_1318888712.jpeg?h=225&w=225,Food Cupboard,"Crisps, Snacks, Nuts & Popcorn"
309495292,Tesco Finest Sea Salt & Chardonnay Vinegar Crinkle Cut Crisps 150G,£1.15,£0.77/100g,,,False,,False,2.7,110,False,https://www.tesco.com/groceries/en-GB/products/309495292,https://digitalcontent.api.tesco.com/v2/media/ghs/3e9a9679-4df2-4910-a84e-8bca9717d448/365d05d9-ba38-4d58-a0c1-4f09ad123741_477530888.jpeg?h=225&w=225,Food Cupboard,"Crisps, Snacks, Nuts & Popcorn"
314306959,Jacob's Mini Cheddars - Original 22 Pack 506g,£4.00,£0.79/100g,,,False,,False,,,False,https://www.tesco.com/groceries/en-GB/products/314306959,https://digitalcontent.api.tesco.com/v2/media/ghs/65674e30-220a-44da-8125-8e8fd51558a5/67d565b9-7bce-4a70-8524-bf87fb8679e9_1595254001.jpeg?h=225&w=225,Food Cupboard,"Crisps, Snacks, Nuts & Popcorn"
313942754,Graze Honey Roast Crunch Snack Mix 100g,£2.50,£25.00/kg,,,False,,False,4.4,147,False,https://www.tesco.com/groceries/en-GB/products/313942754,https://digitalcontent.api.tesco.com/v2/media/ghs/dd996ff2-c132-43e1-8e4a-f8dd8a44ecd1/e8c5a2f7-c6f2-4ca9-93a0-2aa6bfed94bf_1287333370.jpeg?h=225&w=225,Food Cupboard,"Crisps, Snacks, Nuts & Popcorn"
316191957,Walkers Max Extra Flamin' Hot Potato Crisps 130g,£2.25,£1.73/100g,,,False,,False,2.3,9,False,https://www.tesco.com/groceries/en-GB/products/316191957,https://digitalcontent.api.tesco.com/v2/media/ghs/97ebcf42-deae-4c41-96e9-b239eec59d82/cf93842c-53ae-4339-9c5b-34d42aaa0372_1101482502.jpeg?h=225&w=225,Food Cupboard,"Crisps, Snacks, Nuts & Popcorn"
314691227,Walkers Max Punchy Paprika Crisps 140G,£2.50,£1.79/100g,,,False,,False,,2,False,https://www.tesco.com/groceries/en-GB/products/314691227,https://digitalcontent.api.tesco.com/v2/media/ghs/a4ee93b5-f33c-4fb1-adcd-6de6af328d75/2def7369-fdd0-42e9-83a7-e8fc7cfaecfc_2051450656.jpeg?h=225&w=225,Food Cupboard,"Crisps, Snacks, Nuts & Popcorn"
313852768,Walkers Max Strong Jalapeño & Cheese Sharing Bag Crisps 140g,£2.25,£1.61/100g,,,False,,False,3.8,8,False,https://www.tesco.com/groceries/en-GB/products/313852768,https://digitalcontent.api.tesco.com/v2/media/ghs/b227b972-355d-4b8c-8e47-0facd280c3e9/1283dd99-128b-4e05-91a9-9d91c3c34113_2087051496.jpeg?h=225&w=225,Food Cupboard,"Crisps, Snacks, Nuts & Popcorn"
316312044,Walkers Wotsits Crunchy Extra Flamin' Hot Crisps 130g,£2.25,£1.73/100g,,,False,,False,3.6,17,False,https://www.tesco.com/groceries/en-GB/products/316312044,https://digitalcontent.api.tesco.com/v2/media/ghs/c265b4ca-0089-4cc4-9cdf-0852da6d8b26/93ca7910-0b22-4024-8680-e4eba8a95787_1082618799.jpeg?h=225&w=225,Food Cupboard,"Crisps, Snacks, Nuts & Popcorn"
314954617,Walkers Max Pizza Hut Texan Bbq Crisps 140G,£2.50,£1.79/100g,,,False,,False,,1,False,https://www.tesco.com/groceries/en-GB/products/314954617,https://digitalcontent.api.tesco.com/v2/media/ghs/46027588-5df6-40a9-9e20-bea08a5587d9/cc3570f9-fcaf-4f5d-9ee4-1424fe99d9eb_440913242.jpeg?h=225&w=225,Food Cupboard,"Crisps, Snacks, Nuts & Popcorn"
315954679,Sensations Mature Cheddar & Chilli Chutney Flavour Potato Crisps 150g,£2.50,£1.67/100g,£1.50 Clubcard Price,(£1.00/100g),True,Offer valid for delivery from 02/04/2025 until 27/05/2025,False,4.4,37,False,https://www.tesco.com/groceries/en-GB/products/315954679,https://digitalcontent.api.tesco.com/v2/media/ghs/beb04ccc-fbda-492a-9638-e199fdc9d1c4/4c44bc4d-a6d8-44ba-b181-b1189fab5eb1_1089503321.jpeg?h=225&w=225,Food Cupboard,"Crisps, Snacks, Nuts & Popcorn"
316196537,Sensations Crushed Sea Salt & Black Peppercorn Flavour Potato Crisps 150g,£2.50,£1.67/100g,£1.50 Clubcard Price,(£1.00/100g),True,Offer valid for delivery from 02/04/2025 until 27/05/2025,False,4.1,38,False,https://www.tesco.com/groceries/en-GB/products/316196537,https://digitalcontent.api.tesco.com/v2/media/ghs/f10c5f0c-f94c-4228-b50a-b61aa9ab19bb/03acdbba-aa89-45be-84a3-f928856e6df8_665008562.jpeg?h=225&w=225,Food Cupboard,"Crisps, Snacks, Nuts & Popcorn"
316638309,Cheez-It Cheese & Chilli 150g,£2.00,£1.33/100g,£1.35 Clubcard Price,(£0.90/100g),True,Offer valid for delivery from 02/04/2025 until 22/04/2025,False,4.4,87,False,https://www.tesco.com/groceries/en-GB/products/316638309,https://digitalcontent.api.tesco.com/v2/media/ghs/cfb6300c-e658-4a91-a415-eeef0776bf07/0dc450ca-a4ec-4371-81f0-6eeee736e876_556407247.jpeg?h=225&w=225,Food Cupboard,"Crisps, Snacks, Nuts & Popcorn"
316540522,Cheez-It Double Cheese 150g,£2.00,£1.33/100g,£1.35 Clubcard Price,(£0.90/100g),True,Offer valid for delivery from 02/04/2025 until 22/04/2025,False,4.6,110,False,https://www.tesco.com/groceries/en-GB/products/316540522,https://digitalcontent.api.tesco.com/v2/media/ghs/c4c33901-6667-4168-bd45-68d75a63b41a/d9ffb377-fcd5-4c8a-98f9-c6a0c95904ee_343860557.jpeg?h=225&w=225,Food Cupboard,"Crisps, Snacks, Nuts & Popcorn"
316554917,Walkers Glorious Cheese & Onion Flavour Potato Crisps 150g,£1.49,£0.99/100g,,,False,,False,,,False,https://www.tesco.com/groceries/en-GB/products/316554917,https://digitalcontent.api.tesco.com/v2/media/ghs/623df9e1-c1f3-4bb7-bfdc-32ef139f2dec/b64acb1e-df6e-447e-9bc8-353c5923d4b1_1730561399.jpeg?h=225&w=225,Food Cupboard,"Crisps, Snacks, Nuts & Popcorn"
313952771,Discos Salt & Vinegar Flavour Crisps 86G,£1.25,£1.45/100g,,,False,,False,4.8,18,False,https://www.tesco.com/groceries/en-GB/products/313952771,https://digitalcontent.api.tesco.com/v2/media/ghs/3aab2939-9eca-49d4-b7e8-c97e9da20ced/d807d976-6dff-4d67-9dbc-b813369cb291_1465580557.jpeg?h=225&w=225,Food Cupboard,"Crisps, Snacks, Nuts & Popcorn"
317064456,Walkers Legendary Ready Salted Potato Crisps 150g,£1.49,£0.99/100g,,,False,,False,,2,False,https://www.tesco.com/groceries/en-GB/products/317064456,https://digitalcontent.api.tesco.com/v2/media/ghs/729799d2-c002-46a0-b617-e58a96ba6b73/3ce26c68-a774-49f9-8940-3f0c99a38684_1453608004.jpeg?h=225&w=225,Food Cupboard,"Crisps, Snacks, Nuts & Popcorn"
316634930,Cheez-It Cheese Sour Cream & Onion 150g,£2.00,£1.33/100g,£1.35 Clubcard Price,(£0.90/100g),True,Offer valid for delivery from 02/04/2025 until 22/04/2025,False,4.5,91,False,https://www.tesco.com/groceries/en-GB/products/316634930,https://digitalcontent.api.tesco.com/v2/media/ghs/369f1565-bf53-4682-a345-83bc5302003c/a05cf605-a400-4cb3-aa79-97cc46199abf_1802650319.jpeg?h=225&w=225,Food Cupboard,"Crisps, Snacks, Nuts & Popcorn"
313836157,Pringles Texas Bbq Crisps 185G,£2.25,£1.22/100g,£1.95 Clubcard Price,(£1.05/100g),True,Offer valid for delivery from 26/03/2025 until 27/05/2025,False,4.5,66,False,https://www.tesco.com/groceries/en-GB/products/313836157,https://digitalcontent.api.tesco.com/v2/media/ghs/82cea61c-27d6-44ca-a14a-cc257232d999/949da622-f661-4613-861b-0b6142f56c64_246177613.jpeg?h=225&w=225,Food Cupboard,"Crisps, Snacks, Nuts & Popcorn"
314103773,Pringles Prawn Cocktail Sharing Crisps 185g,£2.25,£1.22/100g,£1.95 Clubcard Price,(£1.05/100g),True,Offer valid for delivery from 26/03/2025 until 27/05/2025,False,4.7,115,False,https://www.tesco.com/groceries/en-GB/products/314103773,https://digitalcontent.api.tesco.com/v2/media/ghs/c9012f1d-e9d6-4969-89e7-5da2710c8428/d4b1e845-79c7-48e9-b737-aa2f3ee7c873_1962883511.jpeg?h=225&w=225,Food Cupboard,"Crisps, Snacks, Nuts & Popcorn"
314111924,Pringles Salt & Vinegar Sharing Crisps 185g,£2.25,£1.22/100g,£1.95 Clubcard Price,(£1.05/100g),True,Offer valid for delivery from 26/03/2025 until 27/05/2025,False,4.8,71,False,https://www.tesco.com/groceries/en-GB/products/314111924,https://digitalcontent.api.tesco.com/v2/media/ghs/2a39ae95-b97f-4d28-b3aa-fa3073128594/3ca9c0fe-ddf2-4425-bcf6-54b3315ed14b_938435986.jpeg?h=225&w=225,Food Cupboard,"Crisps, Snacks, Nuts & Popcorn"
314306867,Pringles Paprika Sharing Crisps 185g,£2.25,£1.22/100g,£1.95 Clubcard Price,(£1.05/100g),True,Offer valid for delivery from 26/03/2025 until 27/05/2025,False,4.5,122,False,https://www.tesco.com/groceries/en-GB/products/314306867,https://digitalcontent.api.tesco.com/v2/media/ghs/e95225d1-7992-4afc-a8ed-6b097ca16506/1538bfc2-3dfb-47f7-af67-4712c078960f_1581615613.jpeg?h=225&w=225,Food Cupboard,"Crisps, Snacks, Nuts & Popcorn"
314428112,Pringles Cheese & Onion Sharing Crisps 185g,£2.25,£1.22/100g,£1.95 Clubcard Price,(£1.05/100g),True,Offer valid for delivery from 26/03/2025 until 27/05/2025,False,4.8,114,False,https://www.tesco.com/groceries/en-GB/products/314428112,https://digitalcontent.api.tesco.com/v2/media/ghs/2cf075e9-b48a-46fa-806c-28d50a81d5a7/81272c4d-fe8b-4faa-9e3b-68c80dcb23cf_1711267755.jpeg?h=225&w=225,Food Cupboard,"Crisps, Snacks, Nuts & Popcorn"
314116084,Pringles Smokey Bacon Sharing Crisps 185g,£2.25,£1.22/100g,£1.95 Clubcard Price,(£1.05/100g),True,Offer valid for delivery from 26/03/2025 until 27/05/2025,False,4.4,41,False,https://www.tesco.com/groceries/en-GB/products/314116084,https://digitalcontent.api.tesco.com/v2/media/ghs/80be51c8-e1e0-4020-82e6-dda7593b38a2/aa185ba4-0463-4ffc-be0f-f84ff5c2a641_2030797319.jpeg?h=225&w=225,Food Cupboard,"Crisps, Snacks, Nuts & Popcorn"
316808881,Nik Naks Nice 'N' Spicy Flavour Crisps 95g,£1.25,£13.16/kg,,,False,,False,,14,False,https://www.tesco.com/groceries/en-GB/products/316808881,https://digitalcontent.api.tesco.com/v2/media/ghs/8abe6a0f-4b00-444b-bfad-3a700fbca8c4/af0ddf3f-5c1f-45ec-b98b-21d62d8a5083_1985924368.jpeg?h=225&w=225,Food Cupboard,"Crisps, Snacks, Nuts & Popcorn"
316055327,Tesco Finest Crinkle Cut Korean Inspired BBQ Pork Flavour Hand Cooked Crisps 150g,£1.15,£0.77/100g,,,False,,False,1.9,15,False,https://www.tesco.com/groceries/en-GB/products/316055327,https://digitalcontent.api.tesco.com/v2/media/ghs/0b5f93cc-6f7b-4948-ba22-19f7828c8c21/768bb178-04fe-4d42-9ea0-f1461b930349_487202323.jpeg?h=225&w=225,Food Cupboard,"Crisps, Snacks, Nuts & Popcorn"
316187018,Tesco Finest Crinkle Cut Hand Cooked Crisps - Katsu Curry Flavour 150g,£1.15,£0.77/100g,,,False,,False,3.1,16,False,https://www.tesco.com/groceries/en-GB/products/316187018,https://digitalcontent.api.tesco.com/v2/media/ghs/8d185957-601a-4b5c-8162-2b680eac1371/ed89ff9a-b403-4fc0-aaf2-796273e03df1_1952729658.jpeg?h=225&w=225,Food Cupboard,"Crisps, Snacks, Nuts & Popcorn"
309784589,Forest Feast Dark Chocolate Sour Cherries 120G,£3.85,£32.08/kg,,,False,,False,4.2,4,False,https://www.tesco.com/groceries/en-GB/products/309784589,https://digitalcontent.api.tesco.com/v2/media/ghs/10caff42-0e99-4914-b9a3-00aef3a7edc7/d79b25d9-b053-450d-9c5d-c11708f687e2_1468061947.jpeg?h=225&w=225,Food Cupboard,"Crisps, Snacks, Nuts & Popcorn"
317415589,Forest Feast Peppermint Cream Dark Chocolate Almonds 120G,£3.40,£28.33/kg,,,False,,False,,1,False,https://www.tesco.com/groceries/en-GB/products/317415589,https://digitalcontent.api.tesco.com/v2/media/ghs/83670ca1-42e9-4b04-8575-bc52bdf21829/036f3c66-faf1-48f0-9b7f-b4e368e441d5_2037334448.jpeg?h=225&w=225,Food Cupboard,"Crisps, Snacks, Nuts & Popcorn"
316795145,KP Flavour Kravers Peanuts - Sweet 'N' Smoky BBQ 140g,£3.00,£2.14/100g,,,False,,False,4.8,6,False,https://www.tesco.com/groceries/en-GB/products/316795145,https://digitalcontent.api.tesco.com/v2/media/ghs/b70b0420-bee0-48ac-80cd-249b8e1e2fdd/2181a6bc-98ce-44fa-9207-73da3bd497ca_1419991966.jpeg?h=225&w=225,Food Cupboard,"Crisps, Snacks, Nuts & Popcorn"
316543790,"Eat Real Hummus Chips - Tomato & Basil, Salt, Sour Cream & Chive 98g",£2.20,£2.24/100g,£1.75 Clubcard Price,(£1.79/100g),True,Offer valid for delivery from 18/04/2025 until 10/06/2025,False,4.4,85,False,https://www.tesco.com/groceries/en-GB/products/316543790,https://digitalcontent.api.tesco.com/v2/media/ghs/a2844159-9cb5-4c7b-8948-4a5e434e22e8/c5e21610-685d-4c22-9a0b-5bd489ed19a2_2045214307.jpeg?h=225&w=225,Food Cupboard,"Crisps, Snacks, Nuts & Popcorn"
316068684,Eat Real Hummus Chips - Tomato & Basil 110g,£2.00,£1.82/100g,£1.50 Save 25% Clubcard Price,(£1.36/100g),True,Offer valid for delivery from 16/04/2025 until 10/06/2025,False,4.4,47,False,https://www.tesco.com/groceries/en-GB/products/316068684,https://digitalcontent.api.tesco.com/v2/media/ghs/57cdaf84-be56-4685-b79a-eb5c7c369df3/95fb3127-7b57-4b93-aeaf-5e6533892dc7_838211358.jpeg?h=225&w=225,Food Cupboard,"Crisps, Snacks, Nuts & Popcorn"
316535949,Eat Real Lentil Chips Multipack - Salted 5 Pack 18g,£2.20,£2.44/100g,£1.75 Clubcard Price,(£1.94/100g),True,Offer valid for delivery from 18/04/2025 until 10/06/2025,False,,1,False,https://www.tesco.com/groceries/en-GB/products/316535949,https://digitalcontent.api.tesco.com/v2/media/ghs/3447c46d-ab63-4486-88c0-f9a0b874dcce/cb1832f9-aa64-4397-be4f-d04c6df2bcfc_1822630739.jpeg?h=225&w=225,Food Cupboard,"Crisps, Snacks, Nuts & Popcorn"
316795116,Tesco Crunch Mix - Sweet Chilli 120g,£1.65,£13.75/kg,,,False,,False,,1,False,https://www.tesco.com/groceries/en-GB/products/316795116,https://digitalcontent.api.tesco.com/v2/media/ghs/14680a70-e5ce-4c30-a506-82dad7cfc895/9a8b311a-c583-4255-bd07-3dd1604a77bc_421364170.jpeg?h=225&w=225,Food Cupboard,"Crisps, Snacks, Nuts & Popcorn"
316786790,Tesco Crunch Mix - Salt & Pepper 120g,£1.65,£13.75/kg,,,False,,False,,2,False,https://www.tesco.com/groceries/en-GB/products/316786790,https://digitalcontent.api.tesco.com/v2/media/ghs/74c8d3e1-cc97-4e07-a766-91fa91b1c284/84807222-7415-4de9-bcad-9955063e5dff_778788374.jpeg?h=225&w=225,Food Cupboard,"Crisps, Snacks, Nuts & Popcorn"
314955708,Walkers Crinkles Cheddar Cheese & Onion Crisps 5 X 23G,£1.65,£1.44/100g,,,False,,False,,3,False,https://www.tesco.com/groceries/en-GB/products/314955708,https://digitalcontent.api.tesco.com/v2/media/ghs/c2c22b0c-f5d6-4ab2-b541-607879bcb89e/6f821e16-4f03-47a3-9860-5c95d01614eb_1000743254.jpeg?h=225&w=225,Food Cupboard,"Crisps, Snacks, Nuts & Popcorn"
315832098,Pringles Hot Smokin' BBQ Ribs Flavour Crisps 160g,£2.35,£1.47/100g,,,False,,False,4.4,114,False,https://www.tesco.com/groceries/en-GB/products/315832098,https://digitalcontent.api.tesco.com/v2/media/ghs/75eec0c6-f959-431e-9f51-03e4cb7b9916/11c30ece-1004-4dd2-8e00-de0755f96388_1200307733.jpeg?h=225&w=225,Food Cupboard,"Crisps, Snacks, Nuts & Popcorn"
316195861,Pringles Hot Kickin' Sour Cream Flavour Crisps 160g,£2.35,£1.47/100g,,,False,,False,4.3,116,False,https://www.tesco.com/groceries/en-GB/products/316195861,https://digitalcontent.api.tesco.com/v2/media/ghs/d2a6454d-a2bc-4b4d-b65f-40b3f6d9fa7e/41d658c6-61f2-47b2-b993-96c768cdf342_224219639.jpeg?h=225&w=225,Food Cupboard,"Crisps, Snacks, Nuts & Popcorn"
315959115,Pringles Hot Flamin' Cheese Flavour Crisps 160g,£2.35,£1.47/100g,,,False,,False,4.3,127,False,https://www.tesco.com/groceries/en-GB/products/315959115,https://digitalcontent.api.tesco.com/v2/media/ghs/d6a2a8f2-67e3-4020-8acf-7955fd3c6925/359ac810-181a-4f5e-9d00-7ccc6539f80d_83143423.jpeg?h=225&w=225,Food Cupboard,"Crisps, Snacks, Nuts & Popcorn"
316301117,Insane Kane Strikin' Hot Flavour Crisps 80g,£2.00,£2.50/100g,,,False,,False,3.8,27,False,https://www.tesco.com/groceries/en-GB/products/316301117,https://digitalcontent.api.tesco.com/v2/media/ghs/7584328d-8ad3-4392-9e16-81889da08213/7fca0e36-15a0-4767-ad5b-d8f693022b18_2071398397.jpeg?h=225&w=225,Food Cupboard,"Crisps, Snacks, Nuts & Popcorn"
316659146,Insane Kane Salt & Vinegoaaal Flavour Crisps 80g,£2.00,£2.50/100g,,,False,,False,3.8,31,False,https://www.tesco.com/groceries/en-GB/products/316659146,https://digitalcontent.api.tesco.com/v2/media/ghs/4b5cfc81-06a4-43e4-98cb-99deaca6d96e/65be8c10-a11e-4e39-a6b9-c7f3a1e49ba3_1568768788.jpeg?h=225&w=225,Food Cupboard,"Crisps, Snacks, Nuts & Popcorn"
320565176,Sunbites Lightly Salted Sharing Bag Crisps 95g,£1.50,£1.58/100g,£1.35 Clubcard Price,(£1.42/100g),True,Offer valid for delivery from 26/03/2025 until 22/04/2025,False,,1,False,https://www.tesco.com/groceries/en-GB/products/320565176,https://digitalcontent.api.tesco.com/v2/media/ghs/585b86bc-cc4f-42c7-8e13-a0f8b78afa67/f6c80c13-64cc-4569-986c-b30fcc7c4ccb_1594146929.jpeg?h=225&w=225,Food Cupboard,"Crisps, Snacks, Nuts & Popcorn"
316643061,Insane Grain Cheese Flavour Crisps 80g,£2.00,£2.50/100g,,,False,,False,3.3,10,False,https://www.tesco.com/groceries/en-GB/products/316643061,https://digitalcontent.api.tesco.com/v2/media/ghs/fc7662cc-86f0-4e09-ba2c-d1fc1b786499/95faf6b5-3798-4917-b43d-7c2bd389b568_790080935.jpeg?h=225&w=225,Food Cupboard,"Crisps, Snacks, Nuts & Popcorn"
316950774,Insane Kane A Pitch of Salt Flavour Crisps 80g,£2.00,£2.50/100g,,,False,,False,,8,False,https://www.tesco.com/groceries/en-GB/products/316950774,https://digitalcontent.api.tesco.com/v2/media/ghs/5762adf5-a54f-455d-8f56-2b8438a8d6e7/6d4dbd1d-54fa-4479-b50f-cd606b5e6375_1718382892.jpeg?h=225&w=225,Food Cupboard,"Crisps, Snacks, Nuts & Popcorn"
316534607,Eat Real Salted Lentil Chips 95g,£2.00,£2.10/100g,£1.50 Save 25% Clubcard Price,(£1.58/100g),True,Offer valid for delivery from 19/03/2025 until 13/05/2025,False,4.4,58,False,https://www.tesco.com/groceries/en-GB/products/316534607,https://digitalcontent.api.tesco.com/v2/media/ghs/67338789-567a-4506-aa94-54414e905c8c/8a0d38d6-46b2-4be4-ba75-6cfe8a34689d_1187967978.jpeg?h=225&w=225,Food Cupboard,"Crisps, Snacks, Nuts & Popcorn"
314102843,Love Corn Salt & Vinegar 115G,£2.20,£1.91/100g,£1.65 Save 25% Clubcard Price,(£1.43/100g),True,Offer valid for delivery from 26/03/2025 until 22/04/2025,False,4.7,25,False,https://www.tesco.com/groceries/en-GB/products/314102843,https://digitalcontent.api.tesco.com/v2/media/ghs/de39d530-9bff-41c8-8afa-3af540a37d14/ad60df05-3bb1-459e-9503-264be7a2d1d2_1052090267.jpeg?h=225&w=225,Food Cupboard,"Crisps, Snacks, Nuts & Popcorn"
320388265,Sunbites Sweet Chilli Sharing Bag Crisps 95g,£1.50,£1.58/100g,£1.35 Clubcard Price,(£1.42/100g),True,Offer valid for delivery from 26/03/2025 until 22/04/2025,False,,,False,https://www.tesco.com/groceries/en-GB/products/320388265,https://digitalcontent.api.tesco.com/v2/media/ghs/0698d83b-4af8-4613-94de-1af775491c11/2622e32d-80e1-4994-90ca-6a822f4608fd_2042774839.jpeg?h=225&w=225,Food Cupboard,"Crisps, Snacks, Nuts & Popcorn"
316555833,Eat Real Quinoa Chips - Sour Cream & Chive 90g,£2.00,£2.22/100g,£1.50 Save 25% Clubcard Price,(£1.67/100g),True,Offer valid for delivery from 19/03/2025 until 13/05/2025,False,4.5,44,False,https://www.tesco.com/groceries/en-GB/products/316555833,https://digitalcontent.api.tesco.com/v2/media/ghs/daa4fe74-1aeb-4e8c-9ec2-f7c385accd3f/0713ab76-7fcd-4e66-8b32-fb1672737866_1375722711.jpeg?h=225&w=225,Food Cupboard,"Crisps, Snacks, Nuts & Popcorn"
316313072,Eat Real Lentil Chips - Chilli & Lemon 95g,£2.00,£2.10/100g,£1.50 Save 25% Clubcard Price,(£1.58/100g),True,Offer valid for delivery from 19/03/2025 until 13/05/2025,False,3.5,2,False,https://www.tesco.com/groceries/en-GB/products/316313072,https://digitalcontent.api.tesco.com/v2/media/ghs/bc18bff4-310e-4e82-ae57-45180ed0f6f3/a0c4dbf1-5991-4795-8d73-28b3585b2031_1130409565.jpeg?h=225&w=225,Food Cupboard,"Crisps, Snacks, Nuts & Popcorn"
316535742,"Eat Real Veggie Straws - Tomato, Kale & Spinach 110g",£2.00,£1.82/100g,£1.50 Save 25% Clubcard Price,(£1.36/100g),True,Offer valid for delivery from 19/03/2025 until 13/05/2025,False,4.3,116,False,https://www.tesco.com/groceries/en-GB/products/316535742,https://digitalcontent.api.tesco.com/v2/media/ghs/ee0b85df-ac78-4dec-b98f-89b7f93b81dc/1c29284f-d8e1-426a-9269-cffdabf9111b_464187930.jpeg?h=225&w=225,Food Cupboard,"Crisps, Snacks, Nuts & Popcorn"
320683928,PROPER All The Cheese Lentil Chips 85g,£1.90,£2.24/100g,£1.50 Clubcard Price,(£1.76/100g),True,Offer valid for delivery from 26/03/2025 until 27/05/2025,False,,,False,https://www.tesco.com/groceries/en-GB/products/320683928,https://digitalcontent.api.tesco.com/v2/media/ghs/615a4648-6051-4868-b6a2-00df32692fb0/d07821c9-9b6b-488e-98b8-0ff48c1d3c5a_1950638586.jpeg?h=225&w=225,Food Cupboard,"Crisps, Snacks, Nuts & Popcorn"
320796328,KP Honey Roast Peanuts 390g,£4.50,£1.15/100g,,,False,,False,,,False,https://www.tesco.com/groceries/en-GB/products/320796328,https://digitalcontent.api.tesco.com/v2/media/ghs/5289e5d4-4d27-4b9a-a11d-992ca20903fe/bfbf38b2-e689-4906-bb32-1a3720682e1f_715929299.jpeg?h=225&w=225,Food Cupboard,"Crisps, Snacks, Nuts & Popcorn"
313855068,Walkers Meaty Variety Crisps - 20 x 25g,£4.85,£0.97/100g,,,False,,False,4.2,48,False,https://www.tesco.com/groceries/en-GB/products/313855068,https://digitalcontent.api.tesco.com/v2/media/ghs/283b28f5-4311-4998-8658-f4cac33148b2/e42e036e-d033-4242-8f3a-1a34667a247f_717515607.jpeg?h=225&w=225,Food Cupboard,"Crisps, Snacks, Nuts & Popcorn"
320670886,KP Salt & Vinegar Peanuts 390g,£4.50,£1.15/100g,,,False,,False,,,False,https://www.tesco.com/groceries/en-GB/products/320670886,https://digitalcontent.api.tesco.com/v2/media/ghs/0dc2cfb1-6958-4d33-9bc5-0556ec42fcb1/11fef059-0d4b-47f7-a66c-c10771f2e81b_1788452854.jpeg?h=225&w=225,Food Cupboard,"Crisps, Snacks, Nuts & Popcorn"
313860332,Walkers Classic Variety Multipack Crisps 20x25g,£4.85,£0.97/100g,,,False,,False,4.3,67,False,https://www.tesco.com/groceries/en-GB/products/313860332,https://digitalcontent.api.tesco.com/v2/media/ghs/5e2616f6-199e-440a-89b4-8afcbe26eafa/325613a2-4dcd-4432-bf53-143be7cc0ed3_2028151914.jpeg?h=225&w=225,Food Cupboard,"Crisps, Snacks, Nuts & Popcorn"
313185707,Walkers 99 Calorie Mix Multipack Crisps 18 Pack,£4.65,£1.44/100g,,,False,,False,,1,False,https://www.tesco.com/groceries/en-GB/products/313185707,https://digitalcontent.api.tesco.com/v2/media/ghs/a719fb06-8efd-4923-8ba0-e68e78b765f6/e9e11167-de50-4363-82d9-aecce2da5ee2_1139557443.jpeg?h=225&w=225,Food Cupboard,"Crisps, Snacks, Nuts & Popcorn"
320991621,Seabrook Crinkle Crisps Classic Variety Box 24x25g,£4.75,£0.79/100g,,,False,,False,,,False,https://www.tesco.com/groceries/en-GB/products/320991621,https://digitalcontent.api.tesco.com/v2/media/ghs/a2641727-ec78-47b1-88a5-ff804f07b48c/7d3b0e21-6b10-44f5-b804-f2d7d63b54ec_28265091.jpeg?h=225&w=225,Food Cupboard,"Crisps, Snacks, Nuts & Popcorn"
318183872,Sides Nashville Chicken Strips 35g,£2.50,£71.43/kg,£2.00 Clubcard Price,(£57.14/kg),True,Offer valid for delivery from 05/03/2025 until 06/05/2025,False,,1,False,https://www.tesco.com/groceries/en-GB/products/318183872,https://digitalcontent.api.tesco.com/v2/media/ghs/492bba92-d246-417b-a976-f78baa61b58c/917c279c-c352-4b6a-a654-81f64e4b4bdc_409386246.jpeg?h=225&w=225,Food Cupboard,"Crisps, Snacks, Nuts & Popcorn"
314117774,Jacob’s Crinklys Salt & Vinegar 30% Less Fat Multipack Snacks 6x23g,£1.80,£1.30/100g,,,False,,False,4.5,287,False,https://www.tesco.com/groceries/en-GB/products/314117774,https://digitalcontent.api.tesco.com/v2/media/ghs/28e9bf0c-b7e0-4203-838b-bb6cfd6918eb/d9fb449e-8dc4-49b8-b05a-2e61b680f840_1677913411.jpeg?h=225&w=225,Food Cupboard,"Crisps, Snacks, Nuts & Popcorn"
314314051,Jacob's Crinklys Cheese & Onion 30% Less Fat Multipack Snacks 6x23g,£1.80,£1.30/100g,,,False,,False,4.7,279,False,https://www.tesco.com/groceries/en-GB/products/314314051,https://digitalcontent.api.tesco.com/v2/media/ghs/696b55b7-a075-414a-bd15-3afc442cf58d/0d7f7a3b-ca82-4fd7-a697-bc20bebe2988_1314881413.jpeg?h=225&w=225,Food Cupboard,"Crisps, Snacks, Nuts & Popcorn"
314436718,Wild West Honey Bbq Steak Strips 35G,£2.00,£5.71/100g,£1.75 Clubcard Price,(£5.00/100g),True,Offer valid for delivery from 26/03/2025 until 22/04/2025,False,,1,False,https://www.tesco.com/groceries/en-GB/products/314436718,https://digitalcontent.api.tesco.com/v2/media/ghs/abc3a264-5b41-442f-818f-9b0541a16b01/3bb10e55-04e3-4b75-9bb4-8f8c064e5b4c_348204256.jpeg?h=225&w=225,Food Cupboard,"Crisps, Snacks, Nuts & Popcorn"
321035480,Jacob's Mini Cheddars Cheese & Red Onion Flavour 6 Pack 138g,£1.90,£1.38/100g,,,False,,False,4.4,13,False,https://www.tesco.com/groceries/en-GB/products/321035480,https://digitalcontent.api.tesco.com/v2/media/ghs/7ef0ea0a-bac1-44fe-a2a2-adce99ae6bf5/048d71c6-0f69-4bf3-a602-a4ddde67f08c_908630159.jpeg?h=225&w=225,Food Cupboard,"Crisps, Snacks, Nuts & Popcorn"
316057651,Discos Salt & Vinegar Flavour Crisps 6 x 25.5g,£1.60,£1.05/100g,,,False,,False,,,False,https://www.tesco.com/groceries/en-GB/products/316057651,https://digitalcontent.api.tesco.com/v2/media/ghs/e0f27ad5-c908-4a8c-90bd-13511052eb63/72b9f7fa-2bc2-40f2-8a49-e9540942cf9c_501131172.jpeg?h=225&w=225,Food Cupboard,"Crisps, Snacks, Nuts & Popcorn"
316932548,McCoy's Epic Eats Grilled American Cheese Flavour Ridge Cut Potato Crisps 6 x 25g,£2.25,£1.50/100g,£1.75 Clubcard Price,(£1.17/100g),True,Offer valid for delivery from 26/03/2025 until 22/04/2025,False,,36,False,https://www.tesco.com/groceries/en-GB/products/316932548,https://digitalcontent.api.tesco.com/v2/media/ghs/726423f4-172b-4ad9-a248-0e11f87d4669/d9ff272b-2587-459a-8262-0657fc744877_1322717929.jpeg?h=225&w=225,Food Cupboard,"Crisps, Snacks, Nuts & Popcorn"
316179466,Sides Korean BBQ Steak Strips 35g,£2.50,£71.43/kg,£2.00 Clubcard Price,(£57.14/kg),True,Offer valid for delivery from 05/03/2025 until 06/05/2025,False,,1,False,https://www.tesco.com/groceries/en-GB/products/316179466,https://digitalcontent.api.tesco.com/v2/media/ghs/05abbcd4-0a01-497c-83f2-9626b4a005f0/23565fbf-335b-40c0-a4db-a86c548fb32c_1000406859.jpeg?h=225&w=225,Food Cupboard,"Crisps, Snacks, Nuts & Popcorn"
316951600,Smiths Frazzles Bacon Multipack Crisps 6 x 20g,£1.65,£1.38/100g,,,False,,False,,8,False,https://www.tesco.com/groceries/en-GB/products/316951600,https://digitalcontent.api.tesco.com/v2/media/ghs/e714c5af-1ce6-455c-a26a-95be1842a608/929e3abf-4e17-452a-9351-113d38664a8b_750250240.jpeg?h=225&w=225,Food Cupboard,"Crisps, Snacks, Nuts & Popcorn"
316784803,Marmite Potato Crisps 6 x 25g,£2.20,£1.47/100g,£1.65 Save 25% Clubcard Price,(£1.10/100g),True,Offer valid for delivery from 26/03/2025 until 22/04/2025,False,3.8,25,False,https://www.tesco.com/groceries/en-GB/products/316784803,https://digitalcontent.api.tesco.com/v2/media/ghs/e086e5ed-f415-46a1-b027-428e56821c25/51856fb8-6902-4d5f-b736-e79a08c07954_1200436997.jpeg?h=225&w=225,Food Cupboard,"Crisps, Snacks, Nuts & Popcorn"
313743990,PROPERCHIPS SEA SALT 5x14G,£1.80,£2.57/100g,£1.50 Clubcard Price,(£2.14/100g),True,Offer valid for delivery from 26/02/2025 until 22/04/2025,False,,,False,https://www.tesco.com/groceries/en-GB/products/313743990,https://digitalcontent.api.tesco.com/v2/media/ghs/7332e513-3379-454e-9988-982ef9914c92/5ab5e889-5c52-4f58-84c5-cdfa3e5f06b5_607714024.jpeg?h=225&w=225,Food Cupboard,"Crisps, Snacks, Nuts & Popcorn"
316647143,Pom Bear Cheese Multipack Crisps 6 x 13g,£1.75,£2.24/100g,,,False,,False,4.6,73,False,https://www.tesco.com/groceries/en-GB/products/316647143,https://digitalcontent.api.tesco.com/v2/media/ghs/7a27db1e-3f5e-47df-8a5d-1022e83f75bc/9f5dbddb-3cf3-4e09-a6b4-f4f88e0fbee6_1692818678.jpeg?h=225&w=225,Food Cupboard,"Crisps, Snacks, Nuts & Popcorn"
317059906,Walkers Monster Munch BBQ Sauce Flavour Crisps 6 x 16g,£2.00,£2.08/100g,£1.50 Save 25% Clubcard Price,(£1.56/100g),True,Offer valid for delivery from 26/03/2025 until 22/04/2025,False,3.8,48,False,https://www.tesco.com/groceries/en-GB/products/317059906,https://digitalcontent.api.tesco.com/v2/media/ghs/f34a7775-d1ef-44fc-ab86-44295c6a86e8/1d1516f5-099c-41a1-a2cb-1a79f673430a_926235109.jpeg?h=225&w=225,Food Cupboard,"Crisps, Snacks, Nuts & Popcorn"
314121198,Popchips Sea Salt & Vinegar Flavour Potato Snacks 5X17g,£2.00,£2.35/100g,£1.65 Clubcard Price,(£1.94/100g),True,Offer valid for delivery from 26/03/2025 until 22/04/2025,False,4.5,33,False,https://www.tesco.com/groceries/en-GB/products/314121198,https://digitalcontent.api.tesco.com/v2/media/ghs/9eec9b6d-894c-40c1-80a5-d47a25f6fbcc/1c470079-cb4f-491a-9515-bb88ad6c5f34_1298921779.jpeg?h=225&w=225,Food Cupboard,"Crisps, Snacks, Nuts & Popcorn"
287135891,Kp Hula Hoops Cheese & Onion 6X24g,£2.25,£1.56/100g,£1.75 Clubcard Price,(£1.22/100g),True,Offer valid for delivery from 26/03/2025 until 22/04/2025,False,,,False,https://www.tesco.com/groceries/en-GB/products/287135891,https://digitalcontent.api.tesco.com/v2/media/ghs/a65975a9-db2b-4cfa-8aa1-1171b76edd67/874dd21e-36e7-4ecb-b216-4e2c20114bec_346341226.jpeg?h=225&w=225,Food Cupboard,"Crisps, Snacks, Nuts & Popcorn"
317970541,Walkers BBQ Sauce Multipack Crisps 6 x 25g,£2.00,£1.33/100g,£1.65 Clubcard Price,(£1.10/100g),True,Offer valid for delivery from 26/03/2025 until 22/04/2025,False,,12,False,https://www.tesco.com/groceries/en-GB/products/317970541,https://digitalcontent.api.tesco.com/v2/media/ghs/6efe8d4d-1e76-4bba-8b48-fe6f142d05a5/25e89dc9-ff4e-4285-bbfb-8f6adca13906_34803427.jpeg?h=225&w=225,Food Cupboard,"Crisps, Snacks, Nuts & Popcorn"
316795018,Smiths Chipsticks Multipack Crisps - Salt & Vinegar 6 x 17g,£1.50,£1.47/100g,,,False,,False,,,False,https://www.tesco.com/groceries/en-GB/products/316795018,https://digitalcontent.api.tesco.com/v2/media/ghs/9ee81a32-cc9f-45ee-bc19-8c84c3eb3962/ad57151b-ea34-48e8-a560-247db25d6fc8_722966377.jpeg?h=225&w=225,Food Cupboard,"Crisps, Snacks, Nuts & Popcorn"
317066022,Walkers Wotsits Crispy Bacon Flavour Crisps 6 x 12g,£2.00,£2.78/100g,£1.50 Save 25% Clubcard Price,(£2.08/100g),True,Offer valid for delivery from 26/03/2025 until 22/04/2025,False,4.3,33,False,https://www.tesco.com/groceries/en-GB/products/317066022,https://digitalcontent.api.tesco.com/v2/media/ghs/dbc349fe-deb1-41ff-ac7a-c3558a47292b/021bf513-dea7-456f-bc5d-5e455dbdbfa8_504579789.jpeg?h=225&w=225,Food Cupboard,"Crisps, Snacks, Nuts & Popcorn"
318181908,Walkers Lea & Perrins Worcestershire Sauce Multipack Crisps 6x25g,£2.00,£1.33/100g,£1.50 Save 25% Clubcard Price,(£1.00/100g),True,Offer valid for delivery from 26/03/2025 until 20/05/2025,False,,4,False,https://www.tesco.com/groceries/en-GB/products/318181908,https://digitalcontent.api.tesco.com/v2/media/ghs/20bdb3d9-c56a-430c-87fd-d62cbe7c3a79/ab988dd0-877b-4013-8361-bfa974f911d5_1285231131.jpeg?h=225&w=225,Food Cupboard,"Crisps, Snacks, Nuts & Popcorn"
320547342,Walkers Heinz Tomato Ketchup Multipack Crisps 6x25g,£2.00,£1.33/100g,£1.50 Save 25% Clubcard Price,(£1.00/100g),True,Offer valid for delivery from 26/03/2025 until 20/05/2025,False,3.2,6,False,https://www.tesco.com/groceries/en-GB/products/320547342,https://digitalcontent.api.tesco.com/v2/media/ghs/91173302-ca5c-4b8c-b7f1-16504abb7205/1011b8c5-eec6-46ed-a5f4-48b12da05f46_1853374352.jpeg?h=225&w=225,Food Cupboard,"Crisps, Snacks, Nuts & Popcorn"
313752126,Roysters T-Bone Steak Crisps 6X21g,£1.50,£1.19/100g,,,False,,False,3.6,9,False,https://www.tesco.com/groceries/en-GB/products/313752126,https://digitalcontent.api.tesco.com/v2/media/ghs/fbaff48c-1fd5-4a24-9a89-82ce187e5b35/f2749636-7205-461b-8d38-6a46fecf8b66_1021157823.jpeg?h=225&w=225,Food Cupboard,"Crisps, Snacks, Nuts & Popcorn"
317069140,Pom Bear BBQ Multipack Crisps 6 x 13g,£1.75,£2.24/100g,,,False,,False,,,False,https://www.tesco.com/groceries/en-GB/products/317069140,https://digitalcontent.api.tesco.com/v2/media/ghs/54f47d06-3ae3-4e1b-ae42-6cf2ba005e3f/f626be05-bd4d-43ec-9a34-4092cbb68287_623597348.jpeg?h=225&w=225,Food Cupboard,"Crisps, Snacks, Nuts & Popcorn"
316531176,Walkers Quavers Cheese Flavour Potato Crisps 20 x 16g,£4.50,£1.41/100g,£4.00 Clubcard Price,(£1.25/100g),True,Offer valid for delivery from 26/03/2025 until 22/04/2025,False,,2,False,https://www.tesco.com/groceries/en-GB/products/316531176,https://digitalcontent.api.tesco.com/v2/media/ghs/02ad11b8-bd0e-40b1-9c12-c7b544c9fb62/92c01e43-4554-49d0-a4d0-99503bdf03c1_834875576.jpeg?h=225&w=225,Food Cupboard,"Crisps, Snacks, Nuts & Popcorn"
315471501,Jacob's Mini Cheddars Red Leicester Multipack Snacks 12x23g,£2.73,£0.99/100g,,,False,,False,4.8,53,False,https://www.tesco.com/groceries/en-GB/products/315471501,https://digitalcontent.api.tesco.com/v2/media/ghs/9838d01e-2414-4d22-a2ae-6613619a9809/f7a73c66-d66d-4927-a476-f7c158330c19_1452246680.jpeg?h=225&w=225,Food Cupboard,"Crisps, Snacks, Nuts & Popcorn"
315468287,Jacob's Mini Cheddars Original Multipack Snacks 12x23g,£2.73,£0.99/100g,,,False,,False,4.9,42,False,https://www.tesco.com/groceries/en-GB/products/315468287,https://digitalcontent.api.tesco.com/v2/media/ghs/9cab64a0-8689-49f7-afef-beca09665781/cbe5dd2e-3c0f-4001-87ce-2373738b9678_484213214.jpeg?h=225&w=225,Food Cupboard,"Crisps, Snacks, Nuts & Popcorn"
312213087,Walkers Quavers Prawn Cocktail Multipack Crisps 6x16g,£2.20,£2.29/100g,,,False,,False,,1,False,https://www.tesco.com/groceries/en-GB/products/312213087,https://digitalcontent.api.tesco.com/v2/media/ghs/5242084b-dff5-4aed-b02c-b8844f2f6a60/3a10a4f2-5e4f-4013-9e3a-51d6049946fb_1005220645.jpeg?h=225&w=225,Food Cupboard,"Crisps, Snacks, Nuts & Popcorn"
320668354,PROPER Mature Cheddar Popcorn 6 x 10g,£2.00,£3.33/100g,,,False,,False,,,False,https://www.tesco.com/groceries/en-GB/products/320668354,https://digitalcontent.api.tesco.com/v2/media/ghs/88234c16-3cba-4c77-9225-891d89006263/e99dd419-e33b-4af2-a886-77b76253dfc3_728862343.jpeg?h=225&w=225,Food Cupboard,"Crisps, Snacks, Nuts & Popcorn"
257982218,Dole Mixed Fruit In Peach Jelly 4X123g,£2.30,£0.47/100g DR.WT,,,False,,False,3.7,3,False,https://www.tesco.com/groceries/en-GB/products/257982218,https://digitalcontent.api.tesco.com/v2/media/ghs/435af4d4-c471-4006-aa58-ee71f7353f42/a3066aa2-f94e-476f-861b-65ac7435c656_49287778.jpeg?h=225&w=225,Food Cupboard,"Crisps, Snacks, Nuts & Popcorn"
317979232,Walkers Sensations Crisps - Thai Sweet Chilli 150g,£2.50,£1.67/100g,£1.50 Clubcard Price,(£1.00/100g),True,Offer valid for delivery from 02/04/2025 until 20/05/2025,False,4.5,39,False,https://www.tesco.com/groceries/en-GB/products/317979232,https://digitalcontent.api.tesco.com/v2/media/ghs/f0b8f932-b280-4740-ad72-03552de2dfb6/e2192517-082f-4920-a3c3-435c54deb2eb_989732830.jpeg?h=225&w=225,Food Cupboard,"Crisps, Snacks, Nuts & Popcorn"
320986714,Jacob's Mini Cheddars Cream Cheese Garlic & Herb Flavour 6 Pack 138g,£1.90,£1.38/100g,,,False,,False,4.5,13,False,https://www.tesco.com/groceries/en-GB/products/320986714,https://digitalcontent.api.tesco.com/v2/media/ghs/1d30b565-65b7-45ba-aaf4-eb143dccc683/6ec73411-b067-41fb-9899-efecae506e67_801873913.jpeg?h=225&w=225,Food Cupboard,"Crisps, Snacks, Nuts & Popcorn"
318081969,Doritos Tangy Cheese Tortilla Chips Multipack Crisps 5x30g,£2.00,£1.33/100g,£1.65 Clubcard Price,(£1.10/100g),True,Offer valid for delivery from 26/03/2025 until 22/04/2025,False,,4,False,https://www.tesco.com/groceries/en-GB/products/318081969,https://digitalcontent.api.tesco.com/v2/media/ghs/fcb5801e-b68b-455a-b98b-997562f5bb88/565f745e-84a7-4346-adcf-d60658e5b4c0_570203876.jpeg?h=225&w=225,Food Cupboard,"Crisps, Snacks, Nuts & Popcorn"
317052764,Walkers Wotsits Cheese Toastie Flavour Crisps 6 x 12g,£2.00,£2.78/100g,£1.50 Save 25% Clubcard Price,(£2.08/100g),True,Offer valid for delivery from 26/03/2025 until 22/04/2025,False,3.9,50,False,https://www.tesco.com/groceries/en-GB/products/317052764,https://digitalcontent.api.tesco.com/v2/media/ghs/aa9ef892-e6af-48f5-bade-1b2917ee807f/8efd6674-ee91-4cc2-9208-e536318e5ae7_2065686808.jpeg?h=225&w=225,Food Cupboard,"Crisps, Snacks, Nuts & Popcorn"
316558640,Cheetos Puffs Cheese Flavour Crisps 6 x 13g,£1.50,£1.92/100g,,,False,,False,,,False,https://www.tesco.com/groceries/en-GB/products/316558640,https://digitalcontent.api.tesco.com/v2/media/ghs/79e94d50-a640-46b7-9841-c3803f06e78a/866e9e74-bbed-4e19-a2b9-beca79af96ed_530400270.jpeg?h=225&w=225,Food Cupboard,"Crisps, Snacks, Nuts & Popcorn"
314117287,Walkers Wotsits Prawn Cocktail Multipack Crisps 6x13.5g,£2.20,£2.72/100g,£1.50 Clubcard Price,(£1.85/100g),True,Offer valid for delivery from 26/03/2025 until 22/04/2025,False,,1,False,https://www.tesco.com/groceries/en-GB/products/314117287,https://digitalcontent.api.tesco.com/v2/media/ghs/3386cc0f-89b1-4c8e-8a3f-ee510c1bd2a5/8c62b12c-61ed-41c3-8777-a7c547b9182d_1900728942.jpeg?h=225&w=225,Food Cupboard,"Crisps, Snacks, Nuts & Popcorn"
310099103,Walkers Classic Variety Multipack Crisps 32x25g,£7.50,£0.94/100g,,,False,,False,,,False,https://www.tesco.com/groceries/en-GB/products/310099103,https://digitalcontent.api.tesco.com/v2/media/ghs/2e9c183c-bdfa-4c59-990a-aae8fac98fab/4a74ba4b-f474-4c7e-8050-b0bfe285a7c9_539629691.jpeg?h=225&w=225,Food Cupboard,"Crisps, Snacks, Nuts & Popcorn"
317977332,Baileys Chocolate Peanuts & Cashews 90g,£3.00,£33.33/kg,,,False,,False,,,False,https://www.tesco.com/groceries/en-GB/products/317977332,https://digitalcontent.api.tesco.com/v2/media/ghs/8aea6223-c56c-4710-abdc-b6877836bd4f/98607fea-a484-4328-807c-e8e25d803e46_21982457.jpeg?h=225&w=225,Food Cupboard,"Crisps, Snacks, Nuts & Popcorn"
315070667,Itsu Crispy Seaweed Thins - Sea Salt 4 x 5g,£2.85,£14.25/100g,,,False,,False,4.7,13,False,https://www.tesco.com/groceries/en-GB/products/315070667,https://digitalcontent.api.tesco.com/v2/media/ghs/bf6c8259-e50d-4a0e-961a-749b3eb90cb8/c7f776b4-7220-4b12-ad44-9825625512a3_852481891.jpeg?h=225&w=225,Food Cupboard,"Crisps, Snacks, Nuts & Popcorn"
314821510,Itsu Seaweed Sweet Soy & Sea Salt Thins 4 X 5G,£2.85,£14.25/100g,,,False,,False,4.6,12,False,https://www.tesco.com/groceries/en-GB/products/314821510,https://digitalcontent.api.tesco.com/v2/media/ghs/ddbe8609-9c00-43d6-b6f9-fcedd2e92ec7/666b2e44-0990-4d5c-8585-f894cf8d250a_1701754953.jpeg?h=225&w=225,Food Cupboard,"Crisps, Snacks, Nuts & Popcorn"
315060901,Bear Fruit Split Strawberry & Apple 5 Pack 100G,£2.85,£2.85/100g,,,False,,False,4.5,26,False,https://www.tesco.com/groceries/en-GB/products/315060901,https://digitalcontent.api.tesco.com/v2/media/ghs/3f08855f-8a44-4d31-bc54-38a10a7663bd/c4d8e35f-7e0e-4d83-89a4-4c871d77adc7_1350393856.jpeg?h=225&w=225,Food Cupboard,"Crisps, Snacks, Nuts & Popcorn"
315071669,Bear Fruit Splits - Pineapple & Raspberry 5 Pack 100g,£2.85,£2.85/100g,,,False,,False,,,False,https://www.tesco.com/groceries/en-GB/products/315071669,https://digitalcontent.api.tesco.com/v2/media/ghs/d5c77418-89fc-4260-bae0-881862db9193/5bb36b6f-f50a-414b-bf1c-c3bf37097ef3_1141422856.jpeg?h=225&w=225,Food Cupboard,"Crisps, Snacks, Nuts & Popcorn"
320977034,PROPER CORN Mature Cheddar Popcorn 70g,£1.90,£27.14/kg,£1.50 Clubcard Price,(£21.43/kg),True,Offer valid for delivery from 26/03/2025 until 20/05/2025,False,,,False,https://www.tesco.com/groceries/en-GB/products/320977034,https://digitalcontent.api.tesco.com/v2/media/ghs/1af0988b-1139-423a-ba31-7c0fab759964/901dc51b-6d1e-45a8-99bf-86d5342d55d0_147392138.jpeg?h=225&w=225,Food Cupboard,"Crisps, Snacks, Nuts & Popcorn"
316312977,KP Honey Roast Peanuts Snack Packs 5 x 30g,£3.25,£2.17/100g,£2.50 Clubcard Price,(£1.67/100g),True,Offer valid for delivery from 26/03/2025 until 22/04/2025,False,4.8,30,False,https://www.tesco.com/groceries/en-GB/products/316312977,https://digitalcontent.api.tesco.com/v2/media/ghs/6bf144bf-923c-4e8d-a0b0-151114b978d2/2ef0b66f-4af7-4e71-a9f8-285844c5d2f5_1602967207.jpeg?h=225&w=225,Food Cupboard,"Crisps, Snacks, Nuts & Popcorn"
316658844,"Eat Natural Fruit & Nut Bars - Apple, Ginger & Dark Chocolate 3 Pack 40g",£2.60,£6.50/100g,,,False,,False,2.6,5,False,https://www.tesco.com/groceries/en-GB/products/316658844,https://digitalcontent.api.tesco.com/v2/media/ghs/93dc4cbf-4d57-4b82-b2af-4591042dd801/1c179269-e854-4293-a686-d1395b662ba8_1444258351.jpeg?h=225&w=225,Food Cupboard,"Crisps, Snacks, Nuts & Popcorn"
316650455,Eat Natural Fruit & Nut Vegan Peanuts Coconut & Dark Chocolate 40g X 3,£2.60,£6.50/100g,,,False,,False,3.8,5,False,https://www.tesco.com/groceries/en-GB/products/316650455,https://digitalcontent.api.tesco.com/v2/media/ghs/63f9529d-9c8e-4994-9332-7d3feb93565f/e9152719-89e7-4f7e-8ee3-4563f94bbd89_1742206558.jpeg?h=225&w=225,Food Cupboard,"Crisps, Snacks, Nuts & Popcorn"
318072387,Walkers Sensations Multipack Crisps - Thai Sweet Chilli 5x25g,£2.20,£1.76/100g,,,False,,False,,1,False,https://www.tesco.com/groceries/en-GB/products/318072387,https://digitalcontent.api.tesco.com/v2/media/ghs/551aa8ef-3590-444b-bc55-f6e26fb19a82/10118cc3-dc6f-482e-95b7-fe50b2542d64_662431656.jpeg?h=225&w=225,Food Cupboard,"Crisps, Snacks, Nuts & Popcorn"
320548220,Pringles HOT Blazin' Fried Chicken Flavour 160g,£2.35,£1.47/100g,,,False,,False,,1,False,https://www.tesco.com/groceries/en-GB/products/320548220,https://digitalcontent.api.tesco.com/v2/media/ghs/369b6340-41ee-4f31-a1ff-c2175273335b/7856a3c3-fd7e-4a01-a31a-b375fc073b58_326772941.jpeg?h=225&w=225,Food Cupboard,"Crisps, Snacks, Nuts & Popcorn"
313515581,Jacob's Twiglets 6 x 23g,£1.80,£1.30/100g,£1.50 Clubcard Price,(£1.09/100g),True,Offer valid for delivery from 26/03/2025 until 22/04/2025,False,,48,False,https://www.tesco.com/groceries/en-GB/products/313515581,https://digitalcontent.api.tesco.com/v2/media/ghs/7c301871-20d5-4fd1-b5b3-a038e2c0da95/53af4872-478b-4a2b-8ac5-299aa68f8a4c_773751926.jpeg?h=225&w=225,Food Cupboard,"Crisps, Snacks, Nuts & Popcorn"
312578567,Dole Mango in Juice 4 x 113g,£2.30,£0.85/100g DR.WT,£1.50 Save 1/3 Clubcard Price,(£0.55/100g DR.WT),True,Offer valid for delivery from 16/04/2025 until 13/05/2025,False,,,False,https://www.tesco.com/groceries/en-GB/products/312578567,https://digitalcontent.api.tesco.com/v2/media/ghs/7096b65e-ecbb-413b-9e2d-869b5b1d0240/bab6cd8a-be2a-40d4-b435-e55938ea68b1_1453017625.jpeg?h=225&w=225,Food Cupboard,"Crisps, Snacks, Nuts & Popcorn"
302170860,Dole Tropical Fruit in Juice 4 x 113g,£2.30,£0.51/100g DR.WT,£1.50 Save 1/3 Clubcard Price,(£0.33/100g DR.WT),True,Offer valid for delivery from 16/04/2025 until 13/05/2025,False,3.3,3,False,https://www.tesco.com/groceries/en-GB/products/302170860,https://digitalcontent.api.tesco.com/v2/media/ghs/6a0296a4-b878-4a28-8b1c-8f1c3ee1630c/2343c3e1-65df-4009-b98a-6b179c6a290f_716668923.jpeg?h=225&w=225,Food Cupboard,"Crisps, Snacks, Nuts & Popcorn"
315072340,Freddie's Farm Berry Bars - Blueberry 5 x 20g,£2.50,£25.00/kg,£1.85 Save 25% Clubcard Price,(£18.50/kg),True,Offer valid for delivery from 16/04/2025 until 13/05/2025,False,,2,False,https://www.tesco.com/groceries/en-GB/products/315072340,https://digitalcontent.api.tesco.com/v2/media/ghs/154784da-a858-45ac-8da1-6e974f5883d0/72e07401-fb65-4f05-9242-0d270d0d8811_1819280820.jpeg?h=225&w=225,Food Cupboard,"Crisps, Snacks, Nuts & Popcorn"
315162337,Freddie's Farm Berry Bars - Strawberry 5 x 20g,£2.50,£25.00/kg,£1.85 Save 25% Clubcard Price,(£18.50/kg),True,Offer valid for delivery from 16/04/2025 until 13/05/2025,False,,2,False,https://www.tesco.com/groceries/en-GB/products/315162337,https://digitalcontent.api.tesco.com/v2/media/ghs/ff2c3170-0b11-44d3-824b-c83eb9219204/03c5b4a0-fe08-44ab-9479-39573fab7cd8_34146735.jpeg?h=225&w=225,Food Cupboard,"Crisps, Snacks, Nuts & Popcorn"
316794137,McCoy's Epic Eats Tex Mex Flamin' Fajita Flavour Ridge Cut Potato Crisps 6 x 25g,£2.25,£1.50/100g,£1.75 Clubcard Price,(£1.17/100g),True,Offer valid for delivery from 26/03/2025 until 22/04/2025,False,4.2,64,False,https://www.tesco.com/groceries/en-GB/products/316794137,https://digitalcontent.api.tesco.com/v2/media/ghs/e6938880-0472-47b3-a230-b210cb64f7b0/e87d4727-03e7-4c68-b9a2-d7be0ac1a220_1710097160.jpeg?h=225&w=225,Food Cupboard,"Crisps, Snacks, Nuts & Popcorn"
317407417,Pringles Sour Cream & Onion 165g,£2.25,£1.36/100g,,,False,,False,,2,False,https://www.tesco.com/groceries/en-GB/products/317407417,https://digitalcontent.api.tesco.com/v2/media/ghs/7e3db44c-05af-4512-8c62-7a8e92585b2f/f41b61ce-4976-4687-89f0-3ed569d9662b_1187688236.jpeg?h=225&w=225,Food Cupboard,"Crisps, Snacks, Nuts & Popcorn"
318188884,Doritos Chilli Heatwave Tortilla Chips Multipack Crisps 5x30g,£2.00,£1.33/100g,£1.65 Clubcard Price,(£1.10/100g),True,Offer valid for delivery from 26/03/2025 until 22/04/2025,False,2.8,5,False,https://www.tesco.com/groceries/en-GB/products/318188884,https://digitalcontent.api.tesco.com/v2/media/ghs/2b3516e9-ee1f-42dc-b842-260bd1dd7ade/fd61d066-0be6-4686-918e-9792299a6b64_1290000698.jpeg?h=225&w=225,Food Cupboard,"Crisps, Snacks, Nuts & Popcorn"
317401565,Pringles Sour Cream & Onion 185g,£2.25,£1.22/100g,£1.95 Clubcard Price,(£1.05/100g),True,Offer valid for delivery from 26/03/2025 until 27/05/2025,False,4.8,89,False,https://www.tesco.com/groceries/en-GB/products/317401565,https://digitalcontent.api.tesco.com/v2/media/ghs/c26f440a-acfa-46b4-a05d-74971050238f/64877562-afcc-45f1-9416-6d46f7df0820_1802850547.jpeg?h=225&w=225,Food Cupboard,"Crisps, Snacks, Nuts & Popcorn"
316813200,Cheetos Puffs Sweet & Spicy Flamin' Hot Crisps 6 x 13g,£1.50,£1.92/100g,,,False,,False,,1,False,https://www.tesco.com/groceries/en-GB/products/316813200,https://digitalcontent.api.tesco.com/v2/media/ghs/cc8d1703-10a5-49f1-9d44-2d9dd6a0a37a/5befc82f-e80a-4cea-9d3f-40ebfa6ba246_85124776.jpeg?h=225&w=225,Food Cupboard,"Crisps, Snacks, Nuts & Popcorn"
317985028,Doritos Tortilla Chips Chili Heatwave Sharing Bag Crisps 140g,£1.95,£13.93/kg,,,False,,False,,,False,https://www.tesco.com/groceries/en-GB/products/317985028,https://digitalcontent.api.tesco.com/v2/media/ghs/63db7cc1-e582-49e0-88de-c65b84a3e32d/edd212e6-6196-45aa-be51-19f25286e25c_722268951.jpeg?h=225&w=225,Food Cupboard,"Crisps, Snacks, Nuts & Popcorn"
316651552,Cadbury Timeout Wafer Chocolate Biscuit Bars 6 Pack 108g,£1.35,£1.25/100g,£1.20 Clubcard Price,(£1.11/100g),True,Offer valid for delivery from 14/04/2025 until 27/04/2025,False,4.3,3,True,https://www.tesco.com/groceries/en-GB/products/316651552,https://digitalcontent.api.tesco.com/v2/media/ghs/6274ca69-190b-4465-8a08-947aae842f7d/baf5c6fa-6d87-4454-9b06-0cf0710b5637_2053149628.jpeg?h=225&w=225,Food Cupboard,Biscuits & Cereal Bars
313956467,Jammie Dodgers Apple & Blackcurrant Biscuits 140g,£0.85,£0.61/100g,50p Clubcard Price,(£0.36/100g),True,Offer valid for delivery from 26/02/2025 until 22/04/2025,False,4.5,37,True,https://www.tesco.com/groceries/en-GB/products/313956467,https://digitalcontent.api.tesco.com/v2/media/ghs/034c2c88-3ed9-4773-9fe2-d9ced1295bd2/171286cb-5281-4873-aa52-79d9ee17b616_504758561.jpeg?h=225&w=225,Food Cupboard,Biscuits & Cereal Bars
293418761,Maryland Chocolate Chip Cookies 200G,£1.50,£0.75/100g,90p Clubcard Price,(£0.45/100g),True,Offer valid for delivery from 26/03/2025 until 22/04/2025,False,4.3,35,True,https://www.tesco.com/groceries/en-GB/products/293418761,https://digitalcontent.api.tesco.com/v2/media/ghs/2a756293-3adf-4586-b616-ee571f02fe66/2040ae9f-e210-470e-a243-16f924b3ef11_438836603.jpeg?h=225&w=225,Food Cupboard,Biscuits & Cereal Bars
289954626,Belvita Soft Bakes Biscuits - Choc Chips 5 Pack 250g,£2.75,£1.10/100g,,,False,,False,4.4,43,False,https://www.tesco.com/groceries/en-GB/products/289954626,https://digitalcontent.api.tesco.com/v2/media/ghs/213afc45-a99e-4370-9bb7-208ddf262a2b/3e062512-83b6-4c16-b766-b6a3753b14e3_1178194871.jpeg?h=225&w=225,Food Cupboard,Biscuits & Cereal Bars
255352138,McVities Rich Tea The Classic One Twin Pack 2 x 300g,£3.20,£0.53/100g,,,False,,False,4.7,338,False,https://www.tesco.com/groceries/en-GB/products/255352138,https://digitalcontent.api.tesco.com/v2/media/ghs/c9b9b824-a6c0-4d2d-b4fb-51175c7d075a/6eee14de-3ad0-405d-a36e-062f443d6296_650679413.jpeg?h=225&w=225,Food Cupboard,Biscuits & Cereal Bars
313008974,McVitie's Digestives Milk Chocolate Biscuits Twin Pack 2 x 266g,£3.50,£0.66/100g,£3.00 Clubcard Price,(£0.56/100g),True,Offer valid for delivery from 26/03/2025 until 20/05/2025,False,4.8,104,False,https://www.tesco.com/groceries/en-GB/products/313008974,https://digitalcontent.api.tesco.com/v2/media/ghs/17d048e0-f89e-40f9-9dbd-b1730d97968a/a10e3b89-5577-478b-b8e7-0bad9b36a2e6_1626019184.jpeg?h=225&w=225,Food Cupboard,Biscuits & Cereal Bars
254926040,Tesco Biscuits For Cheese 500G,£3.85,£0.77/100g,,,False,,False,4.4,66,False,https://www.tesco.com/groceries/en-GB/products/254926040,https://digitalcontent.api.tesco.com/v2/media/ghs/a17b73cc-813f-46af-8dd5-06b8804cad23/9de19b99-f5f9-4b73-86c9-a3329ee875cf_971956408.jpeg?h=225&w=225,Food Cupboard,Biscuits & Cereal Bars
292743872,"Kit Kat 2 Finger Milk Chocolate Biscuit Bars Multipack, 21 Pack",£3.60,£0.83/100g,,,False,,False,4.2,111,False,https://www.tesco.com/groceries/en-GB/products/292743872,https://digitalcontent.api.tesco.com/v2/media/ghs/94d357b2-b4ee-40c2-9140-71ac2b541340/02f8d25b-da3f-4f76-ad24-d914b85db486_110802960.jpeg?h=225&w=225,Food Cupboard,Biscuits & Cereal Bars
304391537,Maryland Minis Cookies - Choc Chip 6 Mini Bags 118.8g,£1.50,£1.26/100g,,,False,,False,4.5,56,False,https://www.tesco.com/groceries/en-GB/products/304391537,https://digitalcontent.api.tesco.com/v2/media/ghs/a0c221fc-8ef0-496e-9531-7a76a6e92e86/5a01e5f2-20ea-464e-9fd5-c008c0ad90a9_1116162004.jpeg?h=225&w=225,Food Cupboard,Biscuits & Cereal Bars
301088337,Lotus Biscoff Snack Pack 248G,£1.70,£0.68/100g,£1.20 Clubcard Price,(£0.48/100g),True,Offer valid for delivery from 14/04/2025 until 27/04/2025,False,,20,False,https://www.tesco.com/groceries/en-GB/products/301088337,https://digitalcontent.api.tesco.com/v2/media/ghs/c780ef7c-0556-4b72-962d-1b1337cc5bce/a6b8f790-9903-44e1-9817-c81c00097aa7_90129186.jpeg?h=225&w=225,Food Cupboard,Biscuits & Cereal Bars
250202649,"Kellogg's Rice Krispies Squares Marshmallow Snack Bars Multipack, 4x28g",£2.25,£2.01/100g,£1.65 Save 25% Clubcard Price,(£1.47/100g),True,Offer valid for delivery from 26/02/2025 until 22/04/2025,False,4.7,104,False,https://www.tesco.com/groceries/en-GB/products/250202649,https://digitalcontent.api.tesco.com/v2/media/ghs/713d0df1-5d92-4f28-8b0e-3dbcd3e63e7d/99bcb5a7-b6e8-4036-beb7-5f4af942d949_978928551.jpeg?h=225&w=225,Food Cupboard,Biscuits & Cereal Bars
264525476,"Kellogg's Rice Krispies Squares Chocolatey Cereal Bars Multipack, 4x36g",£2.25,£1.56/100g,£1.65 Save 25% Clubcard Price,(£1.15/100g),True,Offer valid for delivery from 26/02/2025 until 22/04/2025,False,4.8,91,False,https://www.tesco.com/groceries/en-GB/products/264525476,https://digitalcontent.api.tesco.com/v2/media/ghs/b461ba22-10ec-473a-a342-6768e48bac2b/1b5e7be5-1f0c-4150-8696-f47d0e32fa15_738158878.jpeg?h=225&w=225,Food Cupboard,Biscuits & Cereal Bars
295065609,"Fox's Party Rings Mini Biscuits Multipack, 6 Pack 120g",£1.50,£1.25/100g,,,False,,False,4.8,43,False,https://www.tesco.com/groceries/en-GB/products/295065609,https://digitalcontent.api.tesco.com/v2/media/ghs/2150270a-2e35-4ce9-ae7a-3d8fd035cc16/380c7ca9-992d-4c07-a35a-d3651fa79e69_2004591437.jpeg?h=225&w=225,Food Cupboard,Biscuits & Cereal Bars
284384444,Cadbury Milk Chocolate Fingers Biscuits 114g,£1.90,£1.67/100g,£1.50 Clubcard Price,(£1.32/100g),True,Offer valid for delivery from 26/02/2025 until 22/04/2025,False,4.5,59,False,https://www.tesco.com/groceries/en-GB/products/284384444,https://digitalcontent.api.tesco.com/v2/media/ghs/0edc286e-9b5c-4b6b-be76-5f5941e81cab/616cca22-78f5-4221-ab76-00b87dc6beeb_1405569545.jpeg?h=225&w=225,Food Cupboard,Biscuits & Cereal Bars
280447962,Nature Valley Crunchy Oats & Honey 5 x 42g (210g),£2.50,£1.19/100g,£1.75 Clubcard Price,(£0.83/100g),True,Offer valid for delivery from 26/03/2025 until 20/05/2025,False,4.5,81,False,https://www.tesco.com/groceries/en-GB/products/280447962,https://digitalcontent.api.tesco.com/v2/media/ghs/10fa1168-c3eb-49d5-983a-28e7dcfe9b62/ad2c6b7e-e74d-4fcb-8f61-e56aeef9e63d_2009382254.jpeg?h=225&w=225,Food Cupboard,Biscuits & Cereal Bars
308083130,Tesco Variety Pack Biscuits 700G,£2.00,£0.29/100g,,,False,,False,4.5,130,False,https://www.tesco.com/groceries/en-GB/products/308083130,https://digitalcontent.api.tesco.com/v2/media/ghs/767fefd6-8810-4bb4-a488-633e8e29fefa/0afbbca3-75db-4fc8-b822-ced54d6e0209_366305299.jpeg?h=225&w=225,Food Cupboard,Biscuits & Cereal Bars
268313899,McVitie's Ginger Nuts Biscuits 250g,£1.60,£0.64/100g,,,False,,False,4.6,87,False,https://www.tesco.com/groceries/en-GB/products/268313899,https://digitalcontent.api.tesco.com/v2/media/ghs/1333be4d-34e1-4658-8ba4-4593599e50cf/397ea9d5-9549-4130-bebd-f7444667a52c_1076012779.jpeg?h=225&w=225,Food Cupboard,Biscuits & Cereal Bars
255526609,"Tunnocks Milk Chocolate Caramel Wafer Biscuits Multipack, 240g",£2.29,£0.95/100g,,,False,,False,,30,False,https://www.tesco.com/groceries/en-GB/products/255526609,https://digitalcontent.api.tesco.com/v2/media/ghs/01ceecfe-5959-43e8-a36e-dd4187c6088e/e0f250e5-0d7c-4c66-97b5-39dbb976231c_1467412629.jpeg?h=225&w=225,Food Cupboard,Biscuits & Cereal Bars
286519272,Fox's Chocolate Viennese Biscuits 120G,£1.95,£1.62/100g,£1.00 Clubcard Price,(£0.83/100g),True,Offer valid for delivery from 26/02/2025 until 22/04/2025,False,4.5,37,False,https://www.tesco.com/groceries/en-GB/products/286519272,https://digitalcontent.api.tesco.com/v2/media/ghs/11116f02-48aa-46a8-a374-94fdfbadd3bc/fef0b9e4-59b3-4b0b-b9e1-e87f5da342a8_617158560.jpeg?h=225&w=225,Food Cupboard,Biscuits & Cereal Bars
261856250,Tesco Oaty Rounds Biscuits 300G,£0.85,£0.28/100g,,,False,,False,4.7,94,False,https://www.tesco.com/groceries/en-GB/products/261856250,https://digitalcontent.api.tesco.com/v2/media/ghs/f16213db-6373-4bf5-8a7f-16c35e84eebb/d7c298af-7750-46e0-b3fa-cfbfd9e79445_333428718.jpeg?h=225&w=225,Food Cupboard,Biscuits & Cereal Bars
300795325,Tesco Jaffa Cakes Twin Pack 282G,£2.00,£0.71/100g,,,False,,False,3.9,67,False,https://www.tesco.com/groceries/en-GB/products/300795325,https://digitalcontent.api.tesco.com/v2/media/ghs/a0074c2b-b905-4241-be3d-c69f234878f5/2ca94455-7e76-4aa1-9d5c-80e5ab69d101_1671092281.jpeg?h=225&w=225,Food Cupboard,Biscuits & Cereal Bars
310700320,Fox's Favourites Crunch Creams Biscuits - Golden 200g,£1.30,£0.65/100g,90p Clubcard Price,(£0.45/100g),True,Offer valid for delivery from 26/02/2025 until 22/04/2025,False,4.7,29,False,https://www.tesco.com/groceries/en-GB/products/310700320,https://digitalcontent.api.tesco.com/v2/media/ghs/25d4b800-f927-4be2-8d93-a1e2206fe7d6/6854a24b-8e6b-4ad7-ba93-fbc8cfe02f7a_1507935737.jpeg?h=225&w=225,Food Cupboard,Biscuits & Cereal Bars
297556924,Kit Kat 2 Finger Milk Chocolate Biscuit Bar Multipack 9 Pack,£1.95,£1.05/100g,£1.30 Save 1/3 Clubcard Price,(£0.70/100g),True,Offer valid for delivery from 26/03/2025 until 20/05/2025,False,4.3,109,False,https://www.tesco.com/groceries/en-GB/products/297556924,https://digitalcontent.api.tesco.com/v2/media/ghs/603e2449-6455-4775-a7a8-72513f939328/226a4930-ab4f-407e-9e51-9d7d50ea3785_2073021574.jpeg?h=225&w=225,Food Cupboard,Biscuits & Cereal Bars
254581348,"Tesco Snappy Fingers Milk Chocolate Wafer Biscuit Bars Multipack, 8 Pack 172g",£1.55,£0.90/100g,,,False,,False,4.6,60,False,https://www.tesco.com/groceries/en-GB/products/254581348,https://digitalcontent.api.tesco.com/v2/media/ghs/47eb6365-dbe2-4594-b13f-fce9e3452bd9/27836153-f2eb-48db-86d6-50347454a2b8_1394521790.jpeg?h=225&w=225,Food Cupboard,Biscuits & Cereal Bars
277587802,"Bahlsen Pick Up! Milk Chocolate Biscuit Bars Multipack, 5 Pack 140g",£2.00,£1.43/100g,£1.35 Clubcard Price,(£0.96/100g),True,Offer valid for delivery from 26/03/2025 until 22/04/2025,False,4.7,147,False,https://www.tesco.com/groceries/en-GB/products/277587802,https://digitalcontent.api.tesco.com/v2/media/ghs/26a0fc2d-d2f7-4e69-bd8d-c851cd15ae10/c68326c9-1665-4421-8790-ec7b6a7bfa61_1635943965.jpeg?h=225&w=225,Food Cupboard,Biscuits & Cereal Bars
254921644,Fox's Party Rings Biscuits 125G,£0.90,£0.72/100g,70p Clubcard Price,(£0.56/100g),True,Offer valid for delivery from 26/03/2025 until 22/04/2025,False,4.5,37,False,https://www.tesco.com/groceries/en-GB/products/254921644,https://digitalcontent.api.tesco.com/v2/media/ghs/fda9724c-a305-48b6-87d0-99f2e73467c2/0daf2987-ad63-46bf-ac2d-42a4e1e9e316_1705181639.jpeg?h=225&w=225,Food Cupboard,Biscuits & Cereal Bars
296688337,Jammie Dodger Minis 6 X 20G,£1.50,£1.25/100g,£1.00 Save 1/3 Clubcard Price,(£0.83/100g),True,Offer valid for delivery from 26/03/2025 until 20/05/2025,False,4.8,31,False,https://www.tesco.com/groceries/en-GB/products/296688337,https://digitalcontent.api.tesco.com/v2/media/ghs/96d88304-2cbb-4648-829b-f19b291385d2/dcfe9d69-da74-4ec1-8813-33e8287e8832_1557514103.jpeg?h=225&w=225,Food Cupboard,Biscuits & Cereal Bars
251576968,Fox's Jam Sandwich Cream Biscuit 150G,£0.90,£0.60/100g,70p Clubcard Price,(£0.47/100g),True,Offer valid for delivery from 26/02/2025 until 22/04/2025,False,4.8,31,False,https://www.tesco.com/groceries/en-GB/products/251576968,https://digitalcontent.api.tesco.com/v2/media/ghs/3feda63c-2278-4137-9c2b-df70adebae11/7db01dc6-e09d-4845-936a-2dfaac054518_305680517.jpeg?h=225&w=225,Food Cupboard,Biscuits & Cereal Bars
286541584,Foxs Chocolatey Milk Chocolate Rounds 130G,£2.25,£1.73/100g,£1.25 Clubcard Price,(£0.96/100g),True,Offer valid for delivery from 26/03/2025 until 20/05/2025,False,4.5,31,False,https://www.tesco.com/groceries/en-GB/products/286541584,https://digitalcontent.api.tesco.com/v2/media/ghs/35f3a33e-1f2a-404f-a5ea-48f45902593c/0047d067-d105-4ef8-b466-78b1bf035961_1213102262.jpeg?h=225&w=225,Food Cupboard,Biscuits & Cereal Bars
311425074,Paterson's Shortbread Fingers 300G,£1.50,£0.50/100g,£1.00 Save 1/3 Clubcard Price,(£0.33/100g),True,Offer valid for delivery from 26/03/2025 until 20/05/2025,False,3.2,71,False,https://www.tesco.com/groceries/en-GB/products/311425074,https://digitalcontent.api.tesco.com/v2/media/ghs/982f0e53-ef40-4fbf-bbfc-f62482180816/6ba6d6c7-d298-4db5-9216-f893c2754346_73303999.jpeg?h=225&w=225,Food Cupboard,Biscuits & Cereal Bars
306665038,Barny Chocolate Soft Baked Bears Biscuits 5 Pack Multipack 125G,£1.25,£1.00/100g,,,False,,False,4.9,8,False,https://www.tesco.com/groceries/en-GB/products/306665038,https://digitalcontent.api.tesco.com/v2/media/ghs/22af8970-c12c-4546-ae7f-10a4bd90a372/3d5a9926-8152-4568-b154-a5463b952889_2118029550.jpeg?h=225&w=225,Food Cupboard,Biscuits & Cereal Bars
295229307,Tesco Rich Tea Biscuits 300g,£0.55,£0.18/100g,,,False,,False,,110,False,https://www.tesco.com/groceries/en-GB/products/295229307,https://digitalcontent.api.tesco.com/v2/media/ghs/41de3207-dbec-4ef6-ae18-e8000227d6d1/9011c063-24dd-44e3-b4a3-d629aa301d11_1444769620.jpeg?h=225&w=225,Food Cupboard,Biscuits & Cereal Bars
290329082,Tesco Ginger Nut Biscuits 300G,£0.65,£0.22/100g,,,False,,False,4.5,96,False,https://www.tesco.com/groceries/en-GB/products/290329082,https://digitalcontent.api.tesco.com/v2/media/ghs/ce3afb5a-0815-411d-a4c8-9144f8db1471/373a0e4e-1ef6-4ec6-8aee-fb54a44399cd_1746840353.jpeg?h=225&w=225,Food Cupboard,Biscuits & Cereal Bars
278003053,Jammie Dodgers Biscuits 140G,,,50p Clubcard Price,(£0.36/100g),True,Offer valid for delivery from 26/02/2025 until 22/04/2025,False,4.3,52,False,https://www.tesco.com/groceries/en-GB/products/278003053,https://digitalcontent.api.tesco.com/v2/media/ghs/db8ce54e-ec5e-4fca-8304-4a4d24ef9567/5a97eb3e-d20a-46f6-91ea-214aff8e25a1_501300797.jpeg?h=225&w=225,Food Cupboard,Biscuits & Cereal Bars
254922142,Tesco Shortcake Biscuits 200G,£0.49,£0.24/100g,,,False,,False,4.7,55,False,https://www.tesco.com/groceries/en-GB/products/254922142,https://digitalcontent.api.tesco.com/v2/media/ghs/2305657e-6c58-43a6-8638-7b2616f8ec01/2ba90f7a-e301-4536-82f8-0ce5e1fd8dde_1548510520.jpeg?h=225&w=225,Food Cupboard,Biscuits & Cereal Bars
255220251,Tesco Malted Milk Biscuits 200G,£0.49,£0.24/100g,,,False,,False,4.3,64,False,https://www.tesco.com/groceries/en-GB/products/255220251,https://digitalcontent.api.tesco.com/v2/media/ghs/f9b667a3-eed5-4d84-a131-88fac27f78f8/5c587084-11bd-466a-99bc-b754b2da4532_682264782.jpeg?h=225&w=225,Food Cupboard,Biscuits & Cereal Bars
275216658,Lyons' Biscuits Viscount Mint Chocolate Biscuits 7 Pack 98g,£0.70,£0.71/100g,,,False,,False,3.8,39,False,https://www.tesco.com/groceries/en-GB/products/275216658,https://digitalcontent.api.tesco.com/v2/media/ghs/43746188-3870-4bac-8acc-1f9183f8512e/f8dc7b47-92e0-41f5-a7cd-ce4f9d53b429_1202591734.jpeg?h=225&w=225,Food Cupboard,Biscuits & Cereal Bars
254923832,Tunnock's Milk Chocolate Tea Cakes 6 x 24g,£1.15,£0.80/100g,,,False,,False,4.1,34,False,https://www.tesco.com/groceries/en-GB/products/254923832,https://digitalcontent.api.tesco.com/v2/media/ghs/db4dd70f-20dc-4a87-bfb6-19dcdd5f8006/2dedff60-2158-444e-a950-7b06f54d2903_509655266.jpeg?h=225&w=225,Food Cupboard,Biscuits & Cereal Bars
290329100,Tesco Bourbon Creams Biscuits 296G,£0.64,£0.22/100g,,,False,,False,4.4,129,False,https://www.tesco.com/groceries/en-GB/products/290329100,https://digitalcontent.api.tesco.com/v2/media/ghs/6cd0dd3a-7556-40bc-8c85-cb05f2ce8f46/a1141555-5d78-44b8-9d13-7180712a234e_1635847555.jpeg?h=225&w=225,Food Cupboard,Biscuits & Cereal Bars
254922545,Tesco Rich Tea Fingers 250g,£0.75,£0.30/100g,,,False,,False,4.2,67,False,https://www.tesco.com/groceries/en-GB/products/254922545,https://digitalcontent.api.tesco.com/v2/media/ghs/3c0e744e-be83-4a15-8dc8-2d43b11e2e00/8115069f-1e8f-4224-aa30-d5c9a0357552_463755060.jpeg?h=225&w=225,Food Cupboard,Biscuits & Cereal Bars
254924572,Tesco Milk Chocolate Digestive Biscuits 300G,£0.89,£0.30/100g,,,False,,False,4.3,89,False,https://www.tesco.com/groceries/en-GB/products/254924572,https://digitalcontent.api.tesco.com/v2/media/ghs/4dc80110-3224-44e2-aac1-de921f0c322d/6ad7499a-eca1-4aec-93a6-f6b38207ea4d_1703406310.jpeg?h=225&w=225,Food Cupboard,Biscuits & Cereal Bars
300410563,Ms Molly's Digestive 400G,£0.59,£0.15/100g,,,False,,False,4.2,79,False,https://www.tesco.com/groceries/en-GB/products/300410563,https://digitalcontent.api.tesco.com/v2/media/ghs/3d0356d7-cfc1-4be5-a180-905f7ee245e7/322abc09-434e-43fc-a343-071589230c5b_1949499228.jpeg?h=225&w=225,Food Cupboard,Biscuits & Cereal Bars
299599000,Ms Molly's Chocolate Chip Cookies 250G,£0.65,£0.26/100g,,,False,,False,3.8,52,False,https://www.tesco.com/groceries/en-GB/products/299599000,https://digitalcontent.api.tesco.com/v2/media/ghs/9e6950a5-025c-4826-85e8-5438ade760d9/aba3898a-51e5-4618-a740-46eefd76e000_29806561.jpeg?h=225&w=225,Food Cupboard,Biscuits & Cereal Bars
299598986,Ms Molly's Chocolate Digestives Biscuits 300G,£0.80,£0.27/100g,,,False,,False,4.3,101,False,https://www.tesco.com/groceries/en-GB/products/299598986,https://digitalcontent.api.tesco.com/v2/media/ghs/586a1ae2-7b4e-47df-8adf-8e4d2b3c424c/de2be8b6-eb09-457c-b40b-b868f21cb74e_1216203940.jpeg?h=225&w=225,Food Cupboard,Biscuits & Cereal Bars
260169385,Tesco Fig Rolls 200g,£0.49,£0.24/100g,,,False,,False,3.5,89,False,https://www.tesco.com/groceries/en-GB/products/260169385,https://digitalcontent.api.tesco.com/v2/media/ghs/f84cd643-c6c0-4260-a0db-a82f0c520433/f34bcc6f-2866-4183-a92d-6ea41cdc559f_2008321828.jpeg?h=225&w=225,Food Cupboard,Biscuits & Cereal Bars
254921258,Tesco Custard Cream Biscuits 400G,£0.60,£0.15/100g,,,False,,False,4.4,135,False,https://www.tesco.com/groceries/en-GB/products/254921258,https://digitalcontent.api.tesco.com/v2/media/ghs/5a3c832c-0e47-4a01-bfd6-a8f298042cbe/d645c499-0013-472c-b2c7-6d38e422af57_1806436721.jpeg?h=225&w=225,Food Cupboard,Biscuits & Cereal Bars
297544898,BelVita Soft Bakes Choco Hazelnut Filled Biscuits 5 Pack 250G,£2.95,£1.18/100g,,,False,,False,3.6,14,False,https://www.tesco.com/groceries/en-GB/products/297544898,https://digitalcontent.api.tesco.com/v2/media/ghs/3c8ec4a0-7a6d-40ed-97d2-11fd099019b0/0a523545-3155-4f3e-a380-8f4fcf272e12_1310549641.jpeg?h=225&w=225,Food Cupboard,Biscuits & Cereal Bars
256089410,Tesco Finest Scottish Shortbread Fingers 165G,£2.45,£1.48/100g,,,False,,False,,63,False,https://www.tesco.com/groceries/en-GB/products/256089410,https://digitalcontent.api.tesco.com/v2/media/ghs/446430db-e421-4082-aed9-96f9a1ebe6c2/31cfe2ec-eec0-4ea1-ada4-03b991817304_1627326513.jpeg?h=225&w=225,Food Cupboard,Biscuits & Cereal Bars
312988822,McVitie's Hobnobs The Oaty One Milk Chocolate Biscuits Twin Pack 524g,£3.50,£0.67/100g,,,False,,False,,50,False,https://www.tesco.com/groceries/en-GB/products/312988822,https://digitalcontent.api.tesco.com/v2/media/ghs/8a3786a0-6c2b-464a-a725-47648f93d109/67175dc5-18f4-4527-b627-6a53d565b41e_1049749582.jpeg?h=225&w=225,Food Cupboard,Biscuits & Cereal Bars
309780121,Maryland Chocolate Chip Cookies 2 X 200G,£2.50,£0.62/100g,,,False,,False,4.5,29,False,https://www.tesco.com/groceries/en-GB/products/309780121,https://digitalcontent.api.tesco.com/v2/media/ghs/9382a281-ee7a-4b17-8a45-2e48a3a32c44/8f219256-2a62-42e7-ac2d-5f096092c012_1161512250.jpeg?h=225&w=225,Food Cupboard,Biscuits & Cereal Bars
313008104,McVitie's Dark Chocolate Digestives Biscuits Twin Pack 2 x 266g,£3.35,£0.63/100g,£3.00 Clubcard Price,(£0.56/100g),True,Offer valid for delivery from 26/03/2025 until 20/05/2025,False,4.8,184,False,https://www.tesco.com/groceries/en-GB/products/313008104,https://digitalcontent.api.tesco.com/v2/media/ghs/b546e477-d83f-4bb8-b8bc-55e8a768cf3d/2a34661d-0d7d-41cc-b2ae-7b9c0ef89463_891659253.jpeg?h=225&w=225,Food Cupboard,Biscuits & Cereal Bars
293837253,Nature Valley Protein Peanut & Chocolate Bars 4 x 40g,£3.00,£1.88/100g,,,False,,False,4.3,53,False,https://www.tesco.com/groceries/en-GB/products/293837253,https://digitalcontent.api.tesco.com/v2/media/ghs/a2318c31-c5a3-4df6-bb62-c7e4cdc23cfd/0c0e034d-68a3-4d99-a4f6-fe5a10555783_1173145825.jpeg?h=225&w=225,Food Cupboard,Biscuits & Cereal Bars
264375347,OREO Vanilla Cookie Sandwich Biscuits 154G,£1.50,£0.97/100g,,,False,,False,4.5,73,False,https://www.tesco.com/groceries/en-GB/products/264375347,https://digitalcontent.api.tesco.com/v2/media/ghs/97bfd4bd-0ec7-4ad2-a7b4-d86cc14c5be8/4acdee5e-4adc-413c-a433-ee2c6ac35353_1421018793.jpeg?h=225&w=225,Food Cupboard,Biscuits & Cereal Bars
304416699,Border Dark Chocolate Ginger Biscuits 150g,£2.20,£1.47/100g,,,False,,False,4.7,38,False,https://www.tesco.com/groceries/en-GB/products/304416699,https://digitalcontent.api.tesco.com/v2/media/ghs/b5727e3c-4f9c-4917-8115-94c3c4dd9c59/aae7161f-db10-4d7b-bbd2-23efcb7842c2_1242550102.jpeg?h=225&w=225,Food Cupboard,Biscuits & Cereal Bars
273686870,BelVita Breakfast Biscuits Strawberry & Yogurt Crunch 5 Pack 253G,£2.75,£1.09/100g,£1.75 Clubcard Price,(£0.69/100g),True,Offer valid for delivery from 26/03/2025 until 22/04/2025,False,3.5,8,False,https://www.tesco.com/groceries/en-GB/products/273686870,https://digitalcontent.api.tesco.com/v2/media/ghs/9abb3cbb-e7e8-4d87-bd9e-93c8d390e243/5f7f4485-70c7-4387-87e8-4989cc407fad_188895088.jpeg?h=225&w=225,Food Cupboard,Biscuits & Cereal Bars
311783518,Twix Multipack Chocolate Bars Biscuits 9x20g,£2.70,£1.50/100g,,,False,,False,3.2,6,False,https://www.tesco.com/groceries/en-GB/products/311783518,https://digitalcontent.api.tesco.com/v2/media/ghs/e4823cb3-34df-44ca-a07e-e8df43f7e61e/06564078-f7ca-4d46-8635-33739be36ee1_708012730.jpeg?h=225&w=225,Food Cupboard,Biscuits & Cereal Bars
278371514,McVitie's Hobnobs Milk Chocolate Biscuits 262g,£2.25,£0.86/100g,£1.85 Clubcard Price,(£0.71/100g),True,Offer valid for delivery from 26/03/2025 until 22/04/2025,False,4.8,144,False,https://www.tesco.com/groceries/en-GB/products/278371514,https://digitalcontent.api.tesco.com/v2/media/ghs/cb41c393-2622-46d6-b2db-4a9b5b05df99/aabd1ad1-706d-4667-b442-7ed9c7c30af3_1417186803.jpeg?h=225&w=225,Food Cupboard,Biscuits & Cereal Bars
301466944,Tesco Honey Granola Bars - Packed with Oats 6 x 30g (180g),£1.45,£0.81/100g,,,False,,False,3.1,63,False,https://www.tesco.com/groceries/en-GB/products/301466944,https://digitalcontent.api.tesco.com/v2/media/ghs/83684311-67bf-45fd-850e-0e7d8bf5387d/170c0042-707d-406f-9b7b-23f7a93ecc95.jpeg?h=225&w=225,Food Cupboard,Biscuits & Cereal Bars
257722420,Jordans Frusli Juicy Blueberries Chewy Cereal Bars 6 x 30g (180g),£2.30,£1.28/100g,,,False,,False,4.4,39,False,https://www.tesco.com/groceries/en-GB/products/257722420,https://digitalcontent.api.tesco.com/v2/media/ghs/cb43068c-f090-423d-ab86-3668292a3cb3/0076e6df-be82-4367-9cbc-9e0e384f18d2_252343258.jpeg?h=225&w=225,Food Cupboard,Biscuits & Cereal Bars
251232560,Go Ahead 6 Fruit & Oat Bakes Apple 210g,£2.00,£0.95/100g,£1.50 Save 25% Clubcard Price,(£0.71/100g),True,Offer valid for delivery from 26/03/2025 until 22/04/2025,False,4.7,140,False,https://www.tesco.com/groceries/en-GB/products/251232560,https://digitalcontent.api.tesco.com/v2/media/ghs/cbb3cbd7-740b-4bd7-a242-9af553217fbb/ce8c213d-d878-4c81-8af6-829441d40b71_1167538271.jpeg?h=225&w=225,Food Cupboard,Biscuits & Cereal Bars
272616604,OREO Vanilla Cookie Sandwich Biscuits Twin Pack 2x154G,£2.00,£0.65/100g,£1.80 Clubcard Price,(£0.58/100g),True,Offer valid for delivery from 26/03/2025 until 22/04/2025,False,4.8,53,False,https://www.tesco.com/groceries/en-GB/products/272616604,https://digitalcontent.api.tesco.com/v2/media/ghs/fec440b3-a16a-4e42-af24-82fa867df9d0/c52e119b-fb46-40ae-ab8e-75c38a2e55e7_366771944.jpeg?h=225&w=225,Food Cupboard,Biscuits & Cereal Bars
304397295,"Maryland Minis Double Chocolate Chip Cookies Mini Bags Multipack, 6 Pack 118.8g",£1.50,£1.26/100g,,,False,,False,4.7,45,False,https://www.tesco.com/groceries/en-GB/products/304397295,https://digitalcontent.api.tesco.com/v2/media/ghs/50ac49be-f6da-4e47-9b51-f55552da0a7e/784c7f62-9567-4075-9858-04354b2fb68d_824917996.jpeg?h=225&w=225,Food Cupboard,Biscuits & Cereal Bars
278044885,Jammie Dodgers Raspberry Biscuits Twin Pack280g,£1.50,£0.54/100g,,,False,,False,4.7,39,False,https://www.tesco.com/groceries/en-GB/products/278044885,https://digitalcontent.api.tesco.com/v2/media/ghs/4ffcd39d-ec2a-4809-9afa-0ff0602e86ce/384d5c6f-ace1-4e8c-b652-5e2aea167eb5_1270008965.jpeg?h=225&w=225,Food Cupboard,Biscuits & Cereal Bars
250202816,Kellogg's Rice Krispies Squares Curious Caramel & Chocolate Bars 4x36g,£2.25,£1.56/100g,£1.65 Save 25% Clubcard Price,(£1.15/100g),True,Offer valid for delivery from 26/02/2025 until 22/04/2025,False,4.5,12,False,https://www.tesco.com/groceries/en-GB/products/250202816,https://digitalcontent.api.tesco.com/v2/media/ghs/189980f3-1d7f-412f-b19b-d5418df7772c/25c21846-e0a9-4f1a-ae70-ba2fb19245d4_907334965.jpeg?h=225&w=225,Food Cupboard,Biscuits & Cereal Bars
254922107,Tesco Shorties Biscuits 300G,£1.05,£0.35/100g,,,False,,False,4.8,76,False,https://www.tesco.com/groceries/en-GB/products/254922107,https://digitalcontent.api.tesco.com/v2/media/ghs/8acf25ed-e23d-40f9-93fd-9d1bd6f451d8/2326b2f0-a53b-44e8-91df-79a47726d108_206778291.jpeg?h=225&w=225,Food Cupboard,Biscuits & Cereal Bars
297543012,NUTELLA B-ready Bars Multipack 6 X 22g (132g),£2.45,£1.86/100g,£1.70 Clubcard Price,(£1.29/100g),True,Offer valid for delivery from 31/03/2025 until 21/04/2025,False,,4,False,https://www.tesco.com/groceries/en-GB/products/297543012,https://digitalcontent.api.tesco.com/v2/media/ghs/a85b34a8-4d1e-4dbc-9a39-a952834211dc/3539a37a-c713-4647-8aef-955eecfe2e8b_1478495170.jpeg?h=225&w=225,Food Cupboard,Biscuits & Cereal Bars
297544938,BelVita Breakfast Biscuits Honey & Nut 5 Pack 225G,£1.20,£0.53/100g,,,False,,False,4.3,40,False,https://www.tesco.com/groceries/en-GB/products/297544938,https://digitalcontent.api.tesco.com/v2/media/ghs/48552b36-c978-4d53-be99-6a1f41f503bf/6206175d-4a56-4a4b-bf3f-9e4370277b78_1398287005.jpeg?h=225&w=225,Food Cupboard,Biscuits & Cereal Bars
297544633,BelVita Breakfast Biscuits Cocoa Chocolate Chip 5 Pack 225G,£1.20,£0.53/100g,,,False,,False,4.7,29,False,https://www.tesco.com/groceries/en-GB/products/297544633,https://digitalcontent.api.tesco.com/v2/media/ghs/11cc3540-8848-48c2-bb9e-5820c8c4df74/c2089498-14e6-4910-8fe3-96d61c700534_1625594228.jpeg?h=225&w=225,Food Cupboard,Biscuits & Cereal Bars
252861844,"Kellogg's Coco Pops Chocolate Cereal Bars Multipack, 6x20g",£1.35,£1.12/100g,,,False,,False,,3,False,https://www.tesco.com/groceries/en-GB/products/252861844,https://digitalcontent.api.tesco.com/v2/media/ghs/d96b810f-1e3e-4dbe-8091-acfe07c1357e/5cd1e7b9-39fe-4ef9-9790-5f13cd214f0f_1896533101.jpeg?h=225&w=225,Food Cupboard,Biscuits & Cereal Bars
252882312,"Kellogg's Frosties Milk Cereal Bars Multipack, 6x25g",£1.35,£0.90/100g,,,False,,False,4.8,61,False,https://www.tesco.com/groceries/en-GB/products/252882312,https://digitalcontent.api.tesco.com/v2/media/ghs/2f4dc2b0-ec3f-4cde-85fc-092ec312884b/4ecec757-9d10-4b84-b399-c7b03bc4b4f9_1088167041.jpeg?h=225&w=225,Food Cupboard,Biscuits & Cereal Bars
252040802,"Kellogg's Rice Krispies Milk Cereal Bars Multipack, 6x20g",£1.35,£1.12/100g,,,False,,False,4.7,62,False,https://www.tesco.com/groceries/en-GB/products/252040802,https://digitalcontent.api.tesco.com/v2/media/ghs/4a9699d7-9add-45e1-8a4c-6f3ca5bfe653/6b45e759-3d53-42b0-9a6a-92bcf9e8eb60_1568492192.jpeg?h=225&w=225,Food Cupboard,Biscuits & Cereal Bars
301466921,Tesco 6 Coconut & Chocolate Bars 180G,£1.45,£0.81/100g,,,False,,False,4.4,32,False,https://www.tesco.com/groceries/en-GB/products/301466921,https://digitalcontent.api.tesco.com/v2/media/ghs/62640b84-2e59-492e-b63a-c99d4925cb5f/444b92c7-86ea-443a-905b-7985df599c7f_300534145.jpeg?h=225&w=225,Food Cupboard,Biscuits & Cereal Bars
257595546,Wagon Wheel Jammie 6 Pack,£1.35,£0.59/100g,,,False,,False,4.2,36,False,https://www.tesco.com/groceries/en-GB/products/257595546,https://digitalcontent.api.tesco.com/v2/media/ghs/db5d5af1-bea6-49ed-9620-92f4bae26873/2bde6ba0-2e3c-4e5f-804c-5abe487f6629_258599575.jpeg?h=225&w=225,Food Cupboard,Biscuits & Cereal Bars
258025719,Tesco Chocolate Chip Cookies 250G,£1.25,£0.50/100g,,,False,,False,,31,False,https://www.tesco.com/groceries/en-GB/products/258025719,https://digitalcontent.api.tesco.com/v2/media/ghs/dcc18400-966d-4f9c-9eff-229aaa57e9c3/edce65e5-634e-4a3e-be19-bd4069cc9270_42378344.jpeg?h=225&w=225,Food Cupboard,Biscuits & Cereal Bars
301516229,Cadbury Snack Shortcake Chocolate Biscuits 6 Pack Multipack 120g,£1.50,£1.25/100g,,,False,,False,3.8,56,False,https://www.tesco.com/groceries/en-GB/products/301516229,https://digitalcontent.api.tesco.com/v2/media/ghs/ce2efe36-86a6-47b5-af10-fe723b5e76f0/c847333d-2925-4bcd-92da-a886de43b666.jpeg?h=225&w=225,Food Cupboard,Biscuits & Cereal Bars
305952777,"Border Dark Chocolate Ginger Biscuit Bars Multipack, 6x24g",£2.00,£1.39/100g,£1.50 Save 25% Clubcard Price,(£1.04/100g),True,Offer valid for delivery from 26/03/2025 until 20/05/2025,False,,3,False,https://www.tesco.com/groceries/en-GB/products/305952777,https://digitalcontent.api.tesco.com/v2/media/ghs/3721bef0-7983-4480-9d3a-f07d52fdc14b/e685f81c-b132-4118-ba11-8a6754f7ef05_2144292643.jpeg?h=225&w=225,Food Cupboard,Biscuits & Cereal Bars
290351048,Tesco Chunky Chocolate 10 Cookies 200G,£1.20,£0.60/100g,,,False,,False,3.8,56,False,https://www.tesco.com/groceries/en-GB/products/290351048,https://digitalcontent.api.tesco.com/v2/media/ghs/50bc18ce-d20c-4077-ab81-ba627262696a/9550825a-a58c-4ce1-98d1-0311ee2b4169_1798071501.jpeg?h=225&w=225,Food Cupboard,Biscuits & Cereal Bars
297556849,Kit Kat 2 Finger Dark Chocolate Biscuit Bar Multipack 9 Pack,£1.95,£1.05/100g,£1.30 Save 1/3 Clubcard Price,(£0.70/100g),True,Offer valid for delivery from 26/03/2025 until 20/05/2025,False,4.6,98,False,https://www.tesco.com/groceries/en-GB/products/297556849,https://digitalcontent.api.tesco.com/v2/media/ghs/b618cc02-cf2f-499b-8404-4ef992186544/1277caea-bf1d-424c-95f5-76adddca06de_1353410133.jpeg?h=225&w=225,Food Cupboard,Biscuits & Cereal Bars
297551584,Kit Kat 2 Finger Orange Chocolate Biscuit Bar Multipack 9 Pack,£1.95,£1.05/100g,£1.30 Save 1/3 Clubcard Price,(£0.70/100g),True,Offer valid for delivery from 26/03/2025 until 20/05/2025,False,4.8,94,False,https://www.tesco.com/groceries/en-GB/products/297551584,https://digitalcontent.api.tesco.com/v2/media/ghs/b6f02a42-353e-44a7-b855-496bbaf73ade/c6568bcd-fba1-463e-90d0-bb864100e1a4_1288861740.jpeg?h=225&w=225,Food Cupboard,Biscuits & Cereal Bars
301420722,OREO Lunchbox Vanilla Cookies 6 Pack Multipack 132G,£1.25,£0.95/100g,£1.00 Clubcard Price,(£0.76/100g),True,Offer valid for delivery from 26/03/2025 until 22/04/2025,False,4.6,91,False,https://www.tesco.com/groceries/en-GB/products/301420722,https://digitalcontent.api.tesco.com/v2/media/ghs/233c1cb2-adda-41fa-822f-01524ca430b0/e506799c-496e-413d-8bb5-b616179dacfb_1203930734.jpeg?h=225&w=225,Food Cupboard,Biscuits & Cereal Bars
283818032,Paterson's Clotted Cream Shortbread Fingers 300g,£1.50,£0.50/100g,£1.00 Save 1/3 Clubcard Price,(£0.33/100g),True,Offer valid for delivery from 26/03/2025 until 20/05/2025,False,2.8,9,False,https://www.tesco.com/groceries/en-GB/products/283818032,https://digitalcontent.api.tesco.com/v2/media/ghs/98ffc2de-4cd4-401f-b09e-3a803af0933a/8f7537fb-d714-4dbe-8e13-a5dd19f45904_1069971056.jpeg?h=225&w=225,Food Cupboard,Biscuits & Cereal Bars
309167479,Tesco Milk Chocolate Butter Biscuits 125G,£1.65,£1.32/100g,,,False,,False,4.8,291,False,https://www.tesco.com/groceries/en-GB/products/309167479,https://digitalcontent.api.tesco.com/v2/media/ghs/858bec1d-374e-4300-a544-99fa4b48313e/03888f34-fc98-4d44-bddc-5cc442f841e0_334525407.jpeg?h=225&w=225,Food Cupboard,Biscuits & Cereal Bars
258693843,"Toffee Crisp Milk Chocolate Biscuit Bars Multipack, 7 Pack",£1.25,£0.96/100g,,,False,,False,3.5,10,False,https://www.tesco.com/groceries/en-GB/products/258693843,https://digitalcontent.api.tesco.com/v2/media/ghs/915aa537-c970-4d05-98e9-4423edd07062/8d678c79-83d3-46f1-80e3-31b869cbd18f_524964288.jpeg?h=225&w=225,Food Cupboard,Biscuits & Cereal Bars
306650319,Fox's Half Coated Milk Chocolate Cookies 175G,£2.35,£1.34/100g,£1.25 Clubcard Price,(£0.71/100g),True,Offer valid for delivery from 26/03/2025 until 20/05/2025,False,4.4,49,False,https://www.tesco.com/groceries/en-GB/products/306650319,https://digitalcontent.api.tesco.com/v2/media/ghs/33196623-1ebb-4c53-9707-725df54005f0/d7d562c4-d37b-4132-9106-aa2557324a6c_1680973003.jpeg?h=225&w=225,Food Cupboard,Biscuits & Cereal Bars
250139776,Caxton Pink & White Wafers 6 Pack 85G,£0.70,£0.82/100g,,,False,,False,3.4,24,False,https://www.tesco.com/groceries/en-GB/products/250139776,https://digitalcontent.api.tesco.com/v2/media/ghs/e1bb9282-b356-47af-94d2-aed8d64170d9/4dcc6d38-312a-4f13-8c11-f3df32dca5e7.jpeg?h=225&w=225,Food Cupboard,Biscuits & Cereal Bars
301052368,Ms Mollys Ginger Nut Biscuits 300G,£0.59,£0.20/100g,,,False,,False,4.3,59,False,https://www.tesco.com/groceries/en-GB/products/301052368,https://digitalcontent.api.tesco.com/v2/media/ghs/c35b4050-2462-438a-836b-574ba81f9215/96046a8b-e806-47a7-825e-e2f616a9d72d_1386330671.jpeg?h=225&w=225,Food Cupboard,Biscuits & Cereal Bars
254922228,Tesco Nice Biscuits 200G,£0.49,£0.24/100g,,,False,,False,4.3,52,False,https://www.tesco.com/groceries/en-GB/products/254922228,https://digitalcontent.api.tesco.com/v2/media/ghs/02929731-afba-42c5-af68-d2593be902a2/d83060b8-8a0c-4a27-8c91-1861463b073d_1313039250.jpeg?h=225&w=225,Food Cupboard,Biscuits & Cereal Bars
259312326,Tesco Milk Chocolate Oaties 300g,£1.35,£0.45/100g,,,False,,False,4.4,74,False,https://www.tesco.com/groceries/en-GB/products/259312326,https://digitalcontent.api.tesco.com/v2/media/ghs/8bf94823-d6a2-45f8-9141-e1df3dd0e51d/d8fdbc56-559b-4d6c-9786-88c032e95e16_1824777465.jpeg?h=225&w=225,Food Cupboard,Biscuits & Cereal Bars
309746693,Fox's Favourites Biscuit Selection 350G,£3.25,£0.93/100g,,,False,,False,4.4,14,False,https://www.tesco.com/groceries/en-GB/products/309746693,https://digitalcontent.api.tesco.com/v2/media/ghs/d7fa7e98-984c-4851-807f-727a01983726/575f1ecb-fdb8-4812-b1aa-bd79e62cd38b_1443016918.jpeg?h=225&w=225,Food Cupboard,Biscuits & Cereal Bars
278636951,Tesco Finest Belgian Biscuit Selection 400G,£6.95,£1.74/100g,,,False,,False,3.2,36,False,https://www.tesco.com/groceries/en-GB/products/278636951,https://digitalcontent.api.tesco.com/v2/media/ghs/f86d53d5-dc0f-4023-a328-649e75045521/6dfa84aa-abe9-4044-a380-beb02cfd987a_1950210549.jpeg?h=225&w=225,Food Cupboard,Biscuits & Cereal Bars
310163989,Tesco Sweet Biscuits 400G,£2.95,£0.74/100g,,,False,,False,4.5,131,False,https://www.tesco.com/groceries/en-GB/products/310163989,https://digitalcontent.api.tesco.com/v2/media/ghs/60f2bc92-8929-4003-8216-56eb79a3eb87/fb9da337-6bee-41a2-9fd8-770e6f358b99_2028236302.jpeg?h=225&w=225,Food Cupboard,Biscuits & Cereal Bars
301013012,BelVita Breakfast Soft Bakes Blueberry 5 Pack 250g,£2.75,£1.10/100g,,,False,,False,4.6,8,False,https://www.tesco.com/groceries/en-GB/products/301013012,https://digitalcontent.api.tesco.com/v2/media/ghs/da6f1d10-4179-4e9a-9c96-de16b7d87bd9/5e42f18a-9156-4b6d-a336-55bd2563d1a7_2122162529.jpeg?h=225&w=225,Food Cupboard,Biscuits & Cereal Bars
301516241,Fox's Fabulously Biscuits 275G,£4.75,£1.73/100g,£3.50 Save 25% Clubcard Price,(£1.27/100g),True,Offer valid for delivery from 06/03/2025 until 22/04/2025,False,3.4,89,False,https://www.tesco.com/groceries/en-GB/products/301516241,https://digitalcontent.api.tesco.com/v2/media/ghs/de4e508f-cca9-46c0-b3bb-8badaaa97ff9/c94853db-1ad6-43cb-b9cb-a327d9996e40_392728083.jpeg?h=225&w=225,Food Cupboard,Biscuits & Cereal Bars
294995640,Nakd Peanut Delight Raw Fruit & Nut Bar 4x35g,£3.00,£2.14/100g,£2.25 Save 25% Clubcard Price,(£1.61/100g),True,Offer valid for delivery from 16/04/2025 until 25/05/2025,False,4.6,36,False,https://www.tesco.com/groceries/en-GB/products/294995640,https://digitalcontent.api.tesco.com/v2/media/ghs/e2809307-d7fb-4077-995c-5bf0a83c3548/8bd70c02-e992-4214-9bc8-e6939f972534_1578272719.jpeg?h=225&w=225,Food Cupboard,Biscuits & Cereal Bars
267952414,Kellogg's Nutri-Grain Strawberry Snack Bars 6x37g,£2.30,£1.04/100g,,,False,,False,4.5,55,False,https://www.tesco.com/groceries/en-GB/products/267952414,https://digitalcontent.api.tesco.com/v2/media/ghs/a9b32f01-7bbe-4818-a8e2-47d403e8809e/bd9d06ef-53b0-48b2-8d5a-b54cc80c7f88_1057164020.jpeg?h=225&w=225,Food Cupboard,Biscuits & Cereal Bars
300917252,McVitie's Digestives Milk Chocolate Biscuits 266g,£2.25,£0.85/100g,,,False,,False,4.7,314,False,https://www.tesco.com/groceries/en-GB/products/300917252,https://digitalcontent.api.tesco.com/v2/media/ghs/0ee9b3d5-9ec9-4adb-89ec-bf9e09cd4638/8d932cb0-4715-41bb-9257-92d7b11706fc_562548325.jpeg?h=225&w=225,Food Cupboard,Biscuits & Cereal Bars
297544691,OREO Choco Brownie Cookie Sandwich Biscuits 154G,£1.50,£0.97/100g,,,False,,False,,4,False,https://www.tesco.com/groceries/en-GB/products/297544691,https://digitalcontent.api.tesco.com/v2/media/ghs/5dbb61e9-b796-4d5b-8614-13180dcbfc7a/9414e6cc-590a-4015-a197-349766f11f35_1388484498.jpeg?h=225&w=225,Food Cupboard,Biscuits & Cereal Bars
296445631,Graze Cocoa Vanilla Oat Boosts Flapjack Snack 4x30G,£2.75,£2.29/100g,£1.75 Clubcard Price,(£1.46/100g),True,Offer valid for delivery from 26/03/2025 until 25/05/2025,False,4.5,347,False,https://www.tesco.com/groceries/en-GB/products/296445631,https://digitalcontent.api.tesco.com/v2/media/ghs/17440ca5-4e52-4bff-88d2-6398e395a118/bcd7ad42-5b1a-427e-ad71-f0e7dbf97382_1820562505.jpeg?h=225&w=225,Food Cupboard,Biscuits & Cereal Bars
262103875,Kellogg's Nutri-Grain Bakes Chocolate 6 x 45g,£2.50,£0.93/100g,£1.75 Clubcard Price,(£0.65/100g),True,Offer valid for delivery from 27/03/2025 until 22/04/2025,False,4.5,54,False,https://www.tesco.com/groceries/en-GB/products/262103875,https://digitalcontent.api.tesco.com/v2/media/ghs/ee549842-52d3-4ade-965a-b09dd97f90fd/a5743ace-0577-4ab2-90b9-98aa671ce806_957152068.jpeg?h=225&w=225,Food Cupboard,Biscuits & Cereal Bars
278790657,OREO Double Stuff Cookie Sandwich Biscuits 157G,£1.50,£0.96/100g,,,False,,False,4.2,8,False,https://www.tesco.com/groceries/en-GB/products/278790657,https://digitalcontent.api.tesco.com/v2/media/ghs/6a74972b-0686-4f52-9dc9-bc669f607532/a0f73c89-3283-4fad-88f3-b96977ff7bbf_1522123742.jpeg?h=225&w=225,Food Cupboard,Biscuits & Cereal Bars
257722339,Jordans Frusli Chewy Cereal Bars - Juicy Red Berry 6 x 30g (180g),£2.30,£1.28/100g,,,False,,False,4.3,32,False,https://www.tesco.com/groceries/en-GB/products/257722339,https://digitalcontent.api.tesco.com/v2/media/ghs/4e73b245-0c20-4f14-a086-23d09ba7998e/f2f467e4-8a18-426b-baf9-ee66dcb42a8a_532067841.jpeg?h=225&w=225,Food Cupboard,Biscuits & Cereal Bars
261582803,Go Ahead 6 Fruit & Oat Bakes Strawberry 210g,£2.00,£0.95/100g,£1.50 Save 25% Clubcard Price,(£0.71/100g),True,Offer valid for delivery from 26/03/2025 until 22/04/2025,False,4.7,94,False,https://www.tesco.com/groceries/en-GB/products/261582803,https://digitalcontent.api.tesco.com/v2/media/ghs/6c705aee-1882-42ca-b12e-7cec3624dc9f/8f04c7d4-8cc9-4b2c-b65f-edb07974b1fb_383474814.jpeg?h=225&w=225,Food Cupboard,Biscuits & Cereal Bars
255404777,McVities Rich Tea The Light One Biscuits 300g,£1.90,£0.63/100g,£1.35 Clubcard Price,(£0.45/100g),True,Offer valid for delivery from 26/03/2025 until 22/04/2025,False,4.5,214,False,https://www.tesco.com/groceries/en-GB/products/255404777,https://digitalcontent.api.tesco.com/v2/media/ghs/ba8c4a7e-250e-41d2-8a72-da889de4ed7d/e9c202f2-a2ff-4fad-9d53-95e580e2a8f4_1576361982.jpeg?h=225&w=225,Food Cupboard,Biscuits & Cereal Bars
306928569,Cadbury White Chocolate Fingers Biscuits 114g,£1.90,£1.67/100g,£1.50 Clubcard Price,(£1.32/100g),True,Offer valid for delivery from 26/02/2025 until 22/04/2025,False,4.7,6,False,https://www.tesco.com/groceries/en-GB/products/306928569,https://digitalcontent.api.tesco.com/v2/media/ghs/77163344-a88d-4ca1-bd66-b1c678db1a66/bd85abbf-9c95-44e1-a1f3-0245280d1b23_1547023606.jpeg?h=225&w=225,Food Cupboard,Biscuits & Cereal Bars
306497283,Flipz Milk Chocolate Coated Pretzels 90G,£1.80,£2.00/100g,,,False,,False,4.7,83,False,https://www.tesco.com/groceries/en-GB/products/306497283,https://digitalcontent.api.tesco.com/v2/media/ghs/5085906f-3a31-4b1b-8b94-70a579f22e7d/cf8a9d7c-82b6-41f6-a644-8aeb8a39003f_2014756376.jpeg?h=225&w=225,Food Cupboard,Biscuits & Cereal Bars
312831392,McVitie's Hobnobs Biscuits The Oaty One 255g,£1.60,£0.63/100g,,,False,,False,4.4,53,False,https://www.tesco.com/groceries/en-GB/products/312831392,https://digitalcontent.api.tesco.com/v2/media/ghs/73b1e40c-5cf5-4c4c-ade6-dfb2bab92752/4414081f-1571-40d6-ac65-f9d2b5c9d4f4_1675025059.jpeg?h=225&w=225,Food Cupboard,Biscuits & Cereal Bars
297544790,BelVita Breakfast Biscuits Milk & Cereals 5 Pack 225G,£1.20,£0.53/100g,,,False,,False,4.4,37,False,https://www.tesco.com/groceries/en-GB/products/297544790,https://digitalcontent.api.tesco.com/v2/media/ghs/30451d35-a562-4a1b-aaf0-68f659490a54/cb588131-5deb-4546-8021-066de85ac964_60624037.jpeg?h=225&w=225,Food Cupboard,Biscuits & Cereal Bars
280448128,Nature Valley Crunchy Canadian Maple Syrup 5 x 42g (210g),£2.50,£1.19/100g,£1.75 Clubcard Price,(£0.83/100g),True,Offer valid for delivery from 26/03/2025 until 20/05/2025,False,4.6,43,False,https://www.tesco.com/groceries/en-GB/products/280448128,https://digitalcontent.api.tesco.com/v2/media/ghs/2415a936-3c2f-4a23-92d0-00f29054920f/4d2922f7-5a6c-4af7-a138-1a432de6bd94_63081265.jpeg?h=225&w=225,Food Cupboard,Biscuits & Cereal Bars
268413556,Nature Valley Crunchy Oats & Dark Chocolate 5 x 42g (210g),£2.50,£1.19/100g,£1.75 Clubcard Price,(£0.83/100g),True,Offer valid for delivery from 26/03/2025 until 20/05/2025,False,4.4,42,False,https://www.tesco.com/groceries/en-GB/products/268413556,https://digitalcontent.api.tesco.com/v2/media/ghs/7bfacc5b-cb6e-4cc7-9a26-48aaf6d2ac53/5edaba8a-4632-40a5-9ce6-64890bbed56c_1273572617.jpeg?h=225&w=225,Food Cupboard,Biscuits & Cereal Bars
293379247,Nature Valley Crunchy Variety Pack 5 x 42g (210g),£2.50,£1.19/100g,£1.75 Clubcard Price,(£0.83/100g),True,Offer valid for delivery from 26/03/2025 until 20/05/2025,False,4.1,39,False,https://www.tesco.com/groceries/en-GB/products/293379247,https://digitalcontent.api.tesco.com/v2/media/ghs/d7fbc832-fac6-4677-87bb-565243e94774/a39ea73b-3cb6-4f26-83f8-ac4295deed29_1207106741.jpeg?h=225&w=225,Food Cupboard,Biscuits & Cereal Bars
297551682,Kit Kat 2 Finger Dark Mint Chocolate Biscuit Bar Multipack 9 Pack,£1.95,£1.05/100g,,,False,,False,4.7,56,False,https://www.tesco.com/groceries/en-GB/products/297551682,https://digitalcontent.api.tesco.com/v2/media/ghs/2f5c1aab-b28e-4b42-97c6-3ed309357489/7b42c522-fdda-4ec1-90ba-222604e5288d_98611491.jpeg?h=225&w=225,Food Cupboard,Biscuits & Cereal Bars
305835156,Lotus Biscoff Cream Sandwich Biscuits 150g,£1.70,£1.13/100g,£1.20 Clubcard Price,(£0.80/100g),True,Offer valid for delivery from 26/03/2025 until 27/04/2025,False,3.5,15,False,https://www.tesco.com/groceries/en-GB/products/305835156,https://digitalcontent.api.tesco.com/v2/media/ghs/f128f023-cb71-4545-84ad-ea262115f892/c3ddccbf-41ed-47fc-a184-c2dc15d5d59c_1583475675.jpeg?h=225&w=225,Food Cupboard,Biscuits & Cereal Bars
304792132,Nature Valley Sweet & Salty Nut Dark Chocolate with Nuts Bars 4 x 30g (120g),£1.70,£1.42/100g,,,False,,False,4.5,74,False,https://www.tesco.com/groceries/en-GB/products/304792132,https://digitalcontent.api.tesco.com/v2/media/ghs/1740fabe-549d-4650-8d46-3eb8f084553c/dd47afa1-494b-4221-9900-908bff7d8a44_140010624.jpeg?h=225&w=225,Food Cupboard,Biscuits & Cereal Bars
311780591,"McVitie's Mini Gingerbread Men Biscuits Multipack, 6x19g",£1.25,£1.10/100g,,,False,,False,4.7,37,False,https://www.tesco.com/groceries/en-GB/products/311780591,https://digitalcontent.api.tesco.com/v2/media/ghs/f771eacd-e591-441a-898f-b86800eed67b/52c9d951-3b33-4a33-8105-de6a7cf47bab_1913671405.jpeg?h=225&w=225,Food Cupboard,Biscuits & Cereal Bars
311667455,Twix Chocolate Biscuit Fingers Multipack 16 x 20g 320g,£3.00,£0.94/100g,£2.65 Clubcard Price,(£0.83/100g),True,Offer valid for delivery from 26/03/2025 until 22/04/2025,False,3.6,5,False,https://www.tesco.com/groceries/en-GB/products/311667455,https://digitalcontent.api.tesco.com/v2/media/ghs/e92f89f9-7915-4d23-8215-390467d19324/4de6e7bb-907a-4f78-85c0-044f3f30e3d7_91669210.jpeg?h=225&w=225,Food Cupboard,Biscuits & Cereal Bars
313001244,Pink Panther Wafers 154G,£0.90,£0.58/100g,,,False,,False,4.3,3,False,https://www.tesco.com/groceries/en-GB/products/313001244,https://digitalcontent.api.tesco.com/v2/media/ghs/89ed1c44-7dd7-4b1f-a36f-a5e88ffc0faa/542b04d3-eb8d-4f73-8542-6bc79311bdf9_2146111255.jpeg?h=225&w=225,Food Cupboard,Biscuits & Cereal Bars
291368610,Tesco Free From Chocolate Chip Cookies 145g,£1.55,£1.07/100g,,,False,,False,3.7,40,False,https://www.tesco.com/groceries/en-GB/products/291368610,https://digitalcontent.api.tesco.com/v2/media/ghs/705ba49a-5c5a-414b-8447-f6b8ed295012/44626ecb-8610-48c6-8c3b-07259ec9d643_1235165702.jpeg?h=225&w=225,Food Cupboard,Biscuits & Cereal Bars
293639332,Nutella & Go! Hazelnut Chocolate Spread and Breadsticks Snack Pot Multipack 2 x 48g,£2.05,£2.14/100g,,,False,,False,4.6,7,False,https://www.tesco.com/groceries/en-GB/products/293639332,https://digitalcontent.api.tesco.com/v2/media/ghs/ab3958ad-5bf2-4873-9305-35ae771d2512/0e1d177c-462c-4923-b703-c8baa44f0e07_1642628326.jpeg?h=225&w=225,Food Cupboard,Biscuits & Cereal Bars
257595500,Wagon Wheels Original Biscuit 6 Pack,£1.35,£0.61/100g,,,False,,False,4.4,39,False,https://www.tesco.com/groceries/en-GB/products/257595500,https://digitalcontent.api.tesco.com/v2/media/ghs/0ff0cb02-0a97-4397-afdf-2069643acd4b/f356a1ff-3448-4463-a7d3-931cdf31e4f2_49716998.jpeg?h=225&w=225,Food Cupboard,Biscuits & Cereal Bars
310186144,Kellogg's Special K Juicy Red Berry Snack Bars 6x21.5g,£1.35,£1.05/100g,,,False,,False,4.5,57,False,https://www.tesco.com/groceries/en-GB/products/310186144,https://digitalcontent.api.tesco.com/v2/media/ghs/01d0767b-f158-46ba-9b16-765e698a1185/0c8237da-930c-4e22-b5da-7f801d880592_215551047.jpeg?h=225&w=225,Food Cupboard,Biscuits & Cereal Bars
290350049,Tesco Sultana & Oat Cookies 200G,£1.20,£0.60/100g,,,False,,False,3.4,81,False,https://www.tesco.com/groceries/en-GB/products/290350049,https://digitalcontent.api.tesco.com/v2/media/ghs/86343175-5022-4813-9d25-974d67148eed/b4f9a02a-19dc-46c2-a77f-b322e3e59926_1431334203.jpeg?h=225&w=225,Food Cupboard,Biscuits & Cereal Bars
310163701,Fox's Favourites Crunch Creams Biscuits - Ginger 200g,£1.30,£0.65/100g,90p Clubcard Price,(£0.45/100g),True,Offer valid for delivery from 26/02/2025 until 22/04/2025,False,4.7,37,False,https://www.tesco.com/groceries/en-GB/products/310163701,https://digitalcontent.api.tesco.com/v2/media/ghs/b31cf781-5e84-4fec-9739-d6b5e5dc2f15/7a0919cc-c887-4c95-afb3-56169ce50d85_1486216859.jpeg?h=225&w=225,Food Cupboard,Biscuits & Cereal Bars
310685587,Fox's Favourites Crunch Creams Biscuits - Salted Caramel 200g,£1.30,£0.65/100g,90p Clubcard Price,(£0.45/100g),True,Offer valid for delivery from 26/02/2025 until 22/04/2025,False,4.5,43,False,https://www.tesco.com/groceries/en-GB/products/310685587,https://digitalcontent.api.tesco.com/v2/media/ghs/dfe5466c-acdf-445d-b82c-771ab991b8f7/9b5b4078-5309-4438-987a-46427ce4fe8c_223402002.jpeg?h=225&w=225,Food Cupboard,Biscuits & Cereal Bars
266045712,Tesco Milk Chocolate Malted Milk 250g,£1.50,£0.60/100g,,,False,,False,4.6,47,False,https://www.tesco.com/groceries/en-GB/products/266045712,https://digitalcontent.api.tesco.com/v2/media/ghs/553e522a-36f3-4afb-9e5b-34f117608d81/172844b2-4032-4038-a1e9-991c228f348d_534990162.jpeg?h=225&w=225,Food Cupboard,Biscuits & Cereal Bars
304378894,Border Lemon Drizzle Melts 150g,£2.20,£1.47/100g,£1.25 Clubcard Price,(£0.83/100g),True,Offer valid for delivery from 26/03/2025 until 20/05/2025,False,4.5,13,False,https://www.tesco.com/groceries/en-GB/products/304378894,https://digitalcontent.api.tesco.com/v2/media/ghs/f55e7860-a076-4443-8c03-6d0caa225337/6ceef8c9-c33d-4505-8b36-1bcea0d57398_1010828234.jpeg?h=225&w=225,Food Cupboard,Biscuits & Cereal Bars
305983613,Barny Milk Soft Baked Bears Biscuits 5 Pack Multipack 125G,£1.25,£1.00/100g,,,False,,False,4.7,3,False,https://www.tesco.com/groceries/en-GB/products/305983613,https://digitalcontent.api.tesco.com/v2/media/ghs/6c29e723-7e0b-461a-9cfe-f90e06eadbff/07e8fba7-a05f-4235-b2e5-f0925f0e198c_694128797.jpeg?h=225&w=225,Food Cupboard,Biscuits & Cereal Bars
312702695,Skinny Crunch Light Salted Caramel 5X19g,£1.00,£1.05/100g,,,False,,False,4.7,11,False,https://www.tesco.com/groceries/en-GB/products/312702695,https://digitalcontent.api.tesco.com/v2/media/ghs/1d20eb77-6e42-43fd-85a7-34604a18cba8/5c88fe2c-d5f2-47f2-83a9-3e7d6fe59701_2022420574.jpeg?h=225&w=225,Food Cupboard,Biscuits & Cereal Bars
312367365,Skinny Whip Toffee Bars 5X20g,£0.99,£0.99/100g,,,False,,False,3.6,10,False,https://www.tesco.com/groceries/en-GB/products/312367365,https://digitalcontent.api.tesco.com/v2/media/ghs/f704dc03-edb6-401d-ad81-f1704f61316f/edfa1285-a083-45af-8de6-b9f2334536b3_2088804540.jpeg?h=225&w=225,Food Cupboard,Biscuits & Cereal Bars
265273276,Tesco Chocolate Chip Digestive Biscuits 400G,£1.15,£0.29/100g,,,False,,False,4.4,66,False,https://www.tesco.com/groceries/en-GB/products/265273276,https://digitalcontent.api.tesco.com/v2/media/ghs/f4e18367-712f-44e1-9544-2abfceff39b0/bc4aedf4-d40e-4c5b-b9ea-3f8d0becbf0e_594594036.jpeg?h=225&w=225,Food Cupboard,Biscuits & Cereal Bars
290329053,Tesco Fruit Shortcake Biscuits 200G,£0.49,£0.24/100g,,,False,,False,4.4,75,False,https://www.tesco.com/groceries/en-GB/products/290329053,https://digitalcontent.api.tesco.com/v2/media/ghs/f1b4deb6-973f-4273-9aca-14b0d21d6dfb/687a01c7-0159-4a2d-bc74-bb2a114ebf6c_1135757264.jpeg?h=225&w=225,Food Cupboard,Biscuits & Cereal Bars
289954085,BelVita Breakfast Soft Bakes Red Berries 5 Pack 250G,£2.75,£1.10/100g,,,False,,False,4.4,36,False,https://www.tesco.com/groceries/en-GB/products/289954085,https://digitalcontent.api.tesco.com/v2/media/ghs/9f03cd46-9f0a-47f0-b23c-5efe5abef095/56f9ac73-2b1c-4206-a921-70fbbfb2adc1_1404916943.jpeg?h=225&w=225,Food Cupboard,Biscuits & Cereal Bars
290392552,Border Classic Sharing Pack Biscuits 400g,£4.80,£1.20/100g,£4.00 Clubcard Price,(£1.00/100g),True,Offer valid for delivery from 26/02/2025 until 22/04/2025,False,4.5,44,False,https://www.tesco.com/groceries/en-GB/products/290392552,https://digitalcontent.api.tesco.com/v2/media/ghs/058d1029-5de9-4a51-9a61-f87b9349c9ff/d3ea9eb2-be1d-4583-a3bf-25f84055127a_378312585.jpeg?h=225&w=225,Food Cupboard,Biscuits & Cereal Bars
257911663,Tesco Finest Scottish Shortbread Assortment 400G,£4.50,£1.12/100g,,,False,,False,4.2,52,False,https://www.tesco.com/groceries/en-GB/products/257911663,https://digitalcontent.api.tesco.com/v2/media/ghs/b5ccc0b6-d1c0-4d8d-a052-90d1d6f62d7b/91293ad8-9e1b-4695-9c9e-e36a35c2185c_1028756560.jpeg?h=225&w=225,Food Cupboard,Biscuits & Cereal Bars
310132934,Tesco Finest Lemon Shortbread Fingers 165G,£2.45,£1.48/100g,,,False,,False,4.5,51,False,https://www.tesco.com/groceries/en-GB/products/310132934,https://digitalcontent.api.tesco.com/v2/media/ghs/690c89f6-1f18-4f9d-ae25-5e9d83398b89/d324ea2b-0541-41be-a1f9-a647c0b78dea_1875901342.jpeg?h=225&w=225,Food Cupboard,Biscuits & Cereal Bars
297544535,BelVita Breakfast Biscuits Milk & Cereals 12 Pack Multipack 540G,£2.80,£0.52/100g,,,False,,False,4.4,61,False,https://www.tesco.com/groceries/en-GB/products/297544535,https://digitalcontent.api.tesco.com/v2/media/ghs/219398e4-0ce5-407e-b1e0-7da0c919f2f5/e3c4617e-9c1e-4d09-a3e5-b236ae66d6fa_1897723799.jpeg?h=225&w=225,Food Cupboard,Biscuits & Cereal Bars
268347369,Nakd Berry Delight Raw Fruit & Nut Bar 4x35g,£3.00,£2.14/100g,£2.25 Save 25% Clubcard Price,(£1.61/100g),True,Offer valid for delivery from 16/04/2025 until 25/05/2025,False,4.8,36,False,https://www.tesco.com/groceries/en-GB/products/268347369,https://digitalcontent.api.tesco.com/v2/media/ghs/661464ea-1367-46ff-9c2d-af82990a0468/820d4ab0-5d89-4f76-8508-f2cc5611c63f_870139326.jpeg?h=225&w=225,Food Cupboard,Biscuits & Cereal Bars
310145124,Nature Valley Crunchy Cereal Bars Family Pack - Variety 10 x 42g,£3.50,£0.83/100g,,,False,,False,4.7,34,False,https://www.tesco.com/groceries/en-GB/products/310145124,https://digitalcontent.api.tesco.com/v2/media/ghs/7037c230-d698-4fd9-b287-52c57f088f55/659a42c0-b866-4f97-9c7e-04070c886413_543152215.jpeg?h=225&w=225,Food Cupboard,Biscuits & Cereal Bars
267953350,Kellogg's Nutri-Grain Blueberry Snack Bars 6x37g,£2.30,£1.04/100g,,,False,,False,4.6,5,False,https://www.tesco.com/groceries/en-GB/products/267953350,https://digitalcontent.api.tesco.com/v2/media/ghs/59557c41-1822-4b8a-89ef-38745635f8c0/7e984747-d09e-466d-80fd-487bb0fd6f22_1525278525.jpeg?h=225&w=225,Food Cupboard,Biscuits & Cereal Bars
300917275,McVitie's Digestives Dark Chocolate Biscuits 266g,£2.25,£0.85/100g,,,False,,False,4.8,184,False,https://www.tesco.com/groceries/en-GB/products/300917275,https://digitalcontent.api.tesco.com/v2/media/ghs/1800f79d-9c34-4259-8a0b-ad36382a8c51/05cfdd7f-79e0-4f76-a839-78d8437cd8d0_779002119.jpeg?h=225&w=225,Food Cupboard,Biscuits & Cereal Bars
291558943,TREK Protein Flapjacks - Cocoa Oat 3 Pack 150g,£3.60,£2.40/100g,,,False,,False,3.9,8,False,https://www.tesco.com/groceries/en-GB/products/291558943,https://digitalcontent.api.tesco.com/v2/media/ghs/84936e8a-3924-4a26-9136-d466f63af26f/e1f5ef77-8964-4824-aff8-e20de28a73e3_1011987974.jpeg?h=225&w=225,Food Cupboard,Biscuits & Cereal Bars
306656562,Fox's Milk Chocolate Cookies 180G,£2.35,£1.31/100g,,,False,,False,4.6,43,False,https://www.tesco.com/groceries/en-GB/products/306656562,https://digitalcontent.api.tesco.com/v2/media/ghs/f1b69fb3-3da9-4aad-8fc8-22263151f8cd/e114ed8b-e621-435c-9c78-ba16f38fd9c3_182519023.jpeg?h=225&w=225,Food Cupboard,Biscuits & Cereal Bars
293837316,Nature Valley Protein Salted Caramel Nut Cereal Bars 4 x 40g,£3.00,£1.88/100g,,,False,,False,4.6,39,False,https://www.tesco.com/groceries/en-GB/products/293837316,https://digitalcontent.api.tesco.com/v2/media/ghs/539d6857-3680-4b84-9859-edc89e5fd9bd/88436eed-04d0-4070-8504-b97474418574_1938611451.jpeg?h=225&w=225,Food Cupboard,Biscuits & Cereal Bars
305968200,Burton Variety Bag Biscuits 16 Pack 317.6G,£2.90,£0.91/100g,,,False,,False,,1,False,https://www.tesco.com/groceries/en-GB/products/305968200,https://digitalcontent.api.tesco.com/v2/media/ghs/7c2014d6-9b74-4923-9174-18dc7d416626/cfe33f31-6b21-4a00-923c-d58b52376136_1340241253.jpeg?h=225&w=225,Food Cupboard,Biscuits & Cereal Bars
300877177,Tesco 5 Chocolate & Raspberry Bars 115G,£1.85,£1.61/100g,,,False,,False,4.8,33,False,https://www.tesco.com/groceries/en-GB/products/300877177,https://digitalcontent.api.tesco.com/v2/media/ghs/93b7ebd5-ca99-49d5-bbf5-f50759fce571/27bb4da5-9316-47a6-bc45-6f3dde6b0201_1045092564.jpeg?h=225&w=225,Food Cupboard,Biscuits & Cereal Bars
307161304,"Kinder Cards Cocoa and Milk Biscuit Wafers Multipack, 8x12.8g",£2.15,£2.10/100g,,,False,,False,4.6,49,False,https://www.tesco.com/groceries/en-GB/products/307161304,https://digitalcontent.api.tesco.com/v2/media/ghs/6172735e-b23a-45da-9ffb-18232f4d7024/bcba6ffc-55e0-4e7b-b457-dd0e0c2344a1_655878957.jpeg?h=225&w=225,Food Cupboard,Biscuits & Cereal Bars
312217993,Graze Oat Boosts - Cherry Bakewell 4x30g,£2.75,£2.29/100g,£1.75 Clubcard Price,(£1.46/100g),True,Offer valid for delivery from 26/03/2025 until 25/05/2025,False,4.6,358,False,https://www.tesco.com/groceries/en-GB/products/312217993,https://digitalcontent.api.tesco.com/v2/media/ghs/85c02e32-f353-43c4-b970-a1737e407177/7446281b-1c9a-4fe5-9413-0f00c22b64c7_1751433190.jpeg?h=225&w=225,Food Cupboard,Biscuits & Cereal Bars
312367434,Graze Lemon Blueberry Oat Boosts Flapjack Snack 4x30G,£2.75,£2.29/100g,£1.75 Clubcard Price,(£1.46/100g),True,Offer valid for delivery from 26/03/2025 until 25/05/2025,False,4.7,329,False,https://www.tesco.com/groceries/en-GB/products/312367434,https://digitalcontent.api.tesco.com/v2/media/ghs/7caf5d7f-988d-4e96-997a-d282123cfa56/51c47184-a999-43d5-a07c-0259e21389e5_2041568114.jpeg?h=225&w=225,Food Cupboard,Biscuits & Cereal Bars
278370924,McVitie's Hobnobs Dark Chocolate Biscuits The Oaty One 262g,£2.25,£0.86/100g,£1.85 Clubcard Price,(£0.71/100g),True,Offer valid for delivery from 26/03/2025 until 22/04/2025,False,4.6,104,False,https://www.tesco.com/groceries/en-GB/products/278370924,https://digitalcontent.api.tesco.com/v2/media/ghs/d0cdb6ba-b13f-4161-954d-2224b785a447/6791b930-2a5b-4513-b676-c00236375ed8_2062745937.jpeg?h=225&w=225,Food Cupboard,Biscuits & Cereal Bars
296425298,Graze Honey Oat Boost Flapjack Snack 4x30G,£2.75,£2.29/100g,£1.75 Clubcard Price,(£1.46/100g),True,Offer valid for delivery from 26/03/2025 until 25/05/2025,False,4.6,154,False,https://www.tesco.com/groceries/en-GB/products/296425298,https://digitalcontent.api.tesco.com/v2/media/ghs/d6af4de6-ac0e-43d4-812f-6c502d14be9e/49121368-b9da-4f5a-9bbc-783c61b5af57_409269286.jpeg?h=225&w=225,Food Cupboard,Biscuits & Cereal Bars
262103796,Kellogg's Nutri-Grain Bakes Raisin Snack Bars 6x45g,£2.50,£0.93/100g,£1.75 Clubcard Price,(£0.65/100g),True,Offer valid for delivery from 27/03/2025 until 22/04/2025,False,4.6,8,False,https://www.tesco.com/groceries/en-GB/products/262103796,https://digitalcontent.api.tesco.com/v2/media/ghs/9fbdc253-60d6-4cd9-80b8-d7eba78971b6/b01a02bc-4904-4cef-9aed-f135e9263f62_874684816.jpeg?h=225&w=225,Food Cupboard,Biscuits & Cereal Bars
257859333,Nairns Stem Ginger Oat Biscuit 200G (L),£1.60,£0.80/100g,£1.30 Clubcard Price,(£0.65/100g),True,Offer valid for delivery from 26/03/2025 until 22/04/2025,False,4.3,27,False,https://www.tesco.com/groceries/en-GB/products/257859333,https://digitalcontent.api.tesco.com/v2/media/ghs/eda9b679-7ab9-4b83-bafb-369aac3c234d/f403032e-00dc-41b5-a37f-2c664c0e1f3b_67457768.jpeg?h=225&w=225,Food Cupboard,Biscuits & Cereal Bars
267525402,Nairns Dark Chocolate Oat Biscuits 200G,£1.60,£0.80/100g,£1.30 Clubcard Price,(£0.65/100g),True,Offer valid for delivery from 26/03/2025 until 22/04/2025,False,4.5,13,False,https://www.tesco.com/groceries/en-GB/products/267525402,https://digitalcontent.api.tesco.com/v2/media/ghs/57985666-e276-45b4-a13d-ee30c963d997/5d3ec0aa-4580-41ae-a7df-9df3ebd9c634_1691966151.jpeg?h=225&w=225,Food Cupboard,Biscuits & Cereal Bars
307337996,Cadbury Dairy Milk Chocolate Fingers Biscuits 189g,£2.25,£1.19/100g,,,False,,False,4.2,4,False,https://www.tesco.com/groceries/en-GB/products/307337996,https://digitalcontent.api.tesco.com/v2/media/ghs/8be4de5b-e263-4f7b-b329-c1f6f18ab98b/2a0ed5a7-c47f-4a07-849a-ef43cb457c1d_2097906698.jpeg?h=225&w=225,Food Cupboard,Biscuits & Cereal Bars
311796083,"Fox's Party Rings Chocolate Mini Biscuits Multipack, 5x21g",£1.50,£1.43/100g,,,False,,False,,42,False,https://www.tesco.com/groceries/en-GB/products/311796083,https://digitalcontent.api.tesco.com/v2/media/ghs/15890ce7-ff46-4993-8aee-e71640c45315/6ef62414-ba71-4ec9-9d91-6c0f939abc19_292972946.jpeg?h=225&w=225,Food Cupboard,Biscuits & Cereal Bars
293226763,Bahlsen Pick Up! Minis Milk Chocolate 10.6Gx10,£1.65,£1.56/100g,,,False,,False,4.4,9,False,https://www.tesco.com/groceries/en-GB/products/293226763,https://digitalcontent.api.tesco.com/v2/media/ghs/b9eaea6d-0a9c-4037-9a31-dab7224f35e6/b0797479-b6ac-4098-84de-59d49cd7b82a_1317144085.jpeg?h=225&w=225,Food Cupboard,Biscuits & Cereal Bars
302294609,BelVita Breakfast Biscuits 30% Less Sugar Choc Chip 5 Pack 225G,£1.20,£0.53/100g,,,False,,False,,7,False,https://www.tesco.com/groceries/en-GB/products/302294609,https://digitalcontent.api.tesco.com/v2/media/ghs/04909bfa-d3d9-4052-876c-e384c475d64b/b3e0156e-a880-4ae3-bae7-05af1a751b5c_209576807.jpeg?h=225&w=225,Food Cupboard,Biscuits & Cereal Bars
304374230,Nature Valley Sweet & Salty Nut Roasted Peanuts Bars 4 x 30g (120g),£1.70,£1.42/100g,,,False,,False,4.7,95,False,https://www.tesco.com/groceries/en-GB/products/304374230,https://digitalcontent.api.tesco.com/v2/media/ghs/cf1ea7c2-7a10-4976-91a4-eb402cd524cd/753335d7-bc8f-4579-b9bc-ec3a97767770_190747974.jpeg?h=225&w=225,Food Cupboard,Biscuits & Cereal Bars
309197155,LU Le Petit Beurre Salted Butter Biscuits 167G,£2.00,£1.20/100g,£1.00 Half Price Clubcard Price,(£0.60/100g),True,Offer valid for delivery from 26/03/2025 until 22/04/2025,False,4.6,54,False,https://www.tesco.com/groceries/en-GB/products/309197155,https://digitalcontent.api.tesco.com/v2/media/ghs/318d7abb-2118-4b2b-95cc-267aef1704b9/34172d71-3b73-4526-83a4-1a2737ec548e_1708207185.jpeg?h=225&w=225,Food Cupboard,Biscuits & Cereal Bars
309180301,LU Le Petit Biscotte Cinnamon Biscuits 200G,£2.00,£1.00/100g,£1.00 Half Price Clubcard Price,(£0.50/100g),True,Offer valid for delivery from 26/03/2025 until 22/04/2025,False,4.4,28,False,https://www.tesco.com/groceries/en-GB/products/309180301,https://digitalcontent.api.tesco.com/v2/media/ghs/5dcda2ae-b5ed-4145-b1a0-6535bda05a9a/e49a0248-a8b8-402e-8512-a09506a50cac_899896938.jpeg?h=225&w=225,Food Cupboard,Biscuits & Cereal Bars
309198937,LU Le Petit Chocolat Chocolate Biscuits 150G,,,£1.00 Half Price Clubcard Price,(£0.67/100g),True,Offer valid for delivery from 26/03/2025 until 22/04/2025,False,4.5,22,False,https://www.tesco.com/groceries/en-GB/products/309198937,https://digitalcontent.api.tesco.com/v2/media/ghs/76419511-4722-4bd7-b406-ffa8c095d682/a59020b6-b67b-48cd-a28d-dff6b589d847_1337405599.jpeg?h=225&w=225,Food Cupboard,Biscuits & Cereal Bars
311423370,"McVitie's Chocolate Gems Multipack, 5x19g",£1.25,£1.32/100g,,,False,,False,4.8,77,False,https://www.tesco.com/groceries/en-GB/products/311423370,https://digitalcontent.api.tesco.com/v2/media/ghs/3f719f11-69fa-4f3c-9001-1956664482c0/cd6e29c2-402f-4d22-b168-781c367a9a28_509705920.jpeg?h=225&w=225,Food Cupboard,Biscuits & Cereal Bars
309192759,Fox's Fabulous Chocolatey Salted Caramel Rounds 130g,£2.25,£1.73/100g,£1.25 Clubcard Price,(£0.96/100g),True,Offer valid for delivery from 26/03/2025 until 20/05/2025,False,4.8,30,False,https://www.tesco.com/groceries/en-GB/products/309192759,https://digitalcontent.api.tesco.com/v2/media/ghs/ddc60081-120e-4545-961b-0b10804e0782/0536e9d7-3eab-4931-a5a6-49ac96cd5311_1886243992.jpeg?h=225&w=225,Food Cupboard,Biscuits & Cereal Bars
309751473,Kellogg's Special K Milk Chocolate Bars 6X20g,£1.35,£1.12/100g,,,False,,False,,5,False,https://www.tesco.com/groceries/en-GB/products/309751473,https://digitalcontent.api.tesco.com/v2/media/ghs/34c293c1-6e66-4233-a622-1bb40b5f98aa/2c5277c7-a7fd-40b1-ba15-2a88fc7685f9_1554275097.jpeg?h=225&w=225,Food Cupboard,Biscuits & Cereal Bars
290351590,Tesco Spiced Stem Ginger 10 Cookies 200G,£1.20,£0.60/100g,,,False,,False,4.1,49,False,https://www.tesco.com/groceries/en-GB/products/290351590,https://digitalcontent.api.tesco.com/v2/media/ghs/f894bfdf-66ca-4388-a299-51c7cce18144/fcb2a736-7a26-4c28-b1b2-8fa08a84c2fe_2141910530.jpeg?h=225&w=225,Food Cupboard,Biscuits & Cereal Bars
309175953,Tesco Dark Chocolate Butter Biscuits 125G,£1.65,£1.32/100g,,,False,,False,4.8,130,False,https://www.tesco.com/groceries/en-GB/products/309175953,https://digitalcontent.api.tesco.com/v2/media/ghs/1b2085f2-e6b6-4c61-bdc3-0fac0d7c2337/31bbb0b8-a204-4f9f-9839-63cc65937c0f_2071358.jpeg?h=225&w=225,Food Cupboard,Biscuits & Cereal Bars
293574661,Tesco Shortbread Petticoat Tails 450G,£2.45,£0.54/100g,,,False,,False,4.5,41,False,https://www.tesco.com/groceries/en-GB/products/293574661,https://digitalcontent.api.tesco.com/v2/media/ghs/7b88f54c-02bd-4c0f-8264-38ccf4a7abd0/2e91cd0c-8e44-4ae1-80ea-d5cab34cecc6_1169988131.jpeg?h=225&w=225,Food Cupboard,Biscuits & Cereal Bars
312696551,Skinny Crunch Light Bars - Raspberry & White Choc 5 x 19g,£1.00,£1.05/100g,,,False,,False,4.1,11,False,https://www.tesco.com/groceries/en-GB/products/312696551,https://digitalcontent.api.tesco.com/v2/media/ghs/0406cf59-b425-46f5-9a06-e90f4d3d1c77/16a2ba02-daae-44b0-bb39-2cdf97d174a9_1974309871.jpeg?h=225&w=225,Food Cupboard,Biscuits & Cereal Bars
297544679,BelVita Breakfast Soft Bakes Strawberry Filled 5 Pack 250G,£2.95,£1.18/100g,,,False,,False,3.7,44,False,https://www.tesco.com/groceries/en-GB/products/297544679,https://digitalcontent.api.tesco.com/v2/media/ghs/923825a0-c8c8-4995-b32e-d0736b5aec29/5421cc96-30e9-4564-93a5-fb813b7c088a_1889350727.jpeg?h=225&w=225,Food Cupboard,Biscuits & Cereal Bars
306955876,Kinder Bueno Chocolate Wafer Bars 10 X 43G,£6.30,£1.46/100g,,,False,,False,4.7,3,False,https://www.tesco.com/groceries/en-GB/products/306955876,https://digitalcontent.api.tesco.com/v2/media/ghs/ac730e9e-bee5-4a5a-aba2-9759048fc241/372d4396-bd28-4600-8bc9-7f23ef92ae6b_932735161.jpeg?h=225&w=225,Food Cupboard,Biscuits & Cereal Bars
308098775,Nutella Biscuits 20 Pieces 276G,£3.65,£1.32/100g,,,False,,False,4.7,12,False,https://www.tesco.com/groceries/en-GB/products/308098775,https://digitalcontent.api.tesco.com/v2/media/ghs/80aae7dd-5555-471a-9e06-bb42deeccb84/647e9121-d87b-4e19-8b42-cc6cdaa2cba3_1116581339.jpeg?h=225&w=225,Food Cupboard,Biscuits & Cereal Bars
299314442,Nakd Blueberry Muffin Raw Fruit & Nut Bar 4x35g,£3.00,£2.14/100g,£2.25 Save 25% Clubcard Price,(£1.61/100g),True,Offer valid for delivery from 16/04/2025 until 25/05/2025,False,4.7,38,False,https://www.tesco.com/groceries/en-GB/products/299314442,https://digitalcontent.api.tesco.com/v2/media/ghs/a74de1a8-7768-4f4e-9ed8-56db4783e754/ec0e66d9-7c9e-417d-b648-d5756fff1fb4_1182810363.jpeg?h=225&w=225,Food Cupboard,Biscuits & Cereal Bars
279568413,Nakd Cocoa Orange Fruit & Nut Bars 4 Pack 140g,£3.00,£2.14/100g,£2.25 Save 25% Clubcard Price,(£1.61/100g),True,Offer valid for delivery from 16/04/2025 until 25/05/2025,False,4.6,32,False,https://www.tesco.com/groceries/en-GB/products/279568413,https://digitalcontent.api.tesco.com/v2/media/ghs/438d7219-1751-4957-acae-f4804eea6dc3/d0dea843-017c-48e1-8417-71f179731fde_950250721.jpeg?h=225&w=225,Food Cupboard,Biscuits & Cereal Bars
278339174,"Nakd Cocoa Delight Bars - Fruit, Peanut 4 Pack 140g",£3.00,£2.14/100g,£2.25 Save 25% Clubcard Price,(£1.61/100g),True,Offer valid for delivery from 16/04/2025 until 25/05/2025,False,,6,False,https://www.tesco.com/groceries/en-GB/products/278339174,https://digitalcontent.api.tesco.com/v2/media/ghs/d6c2f437-7d79-451b-8242-494fa295c6b9/8ad71774-7fc4-4822-b6ca-4279665bef4c_2040754623.jpeg?h=225&w=225,Food Cupboard,Biscuits & Cereal Bars
291513167,Nakd Bakewell Tart Fruit & Nut Bars 4 Pack 140g,£3.00,£2.14/100g,£2.25 Save 25% Clubcard Price,(£1.61/100g),True,Offer valid for delivery from 16/04/2025 until 25/05/2025,False,4.6,8,False,https://www.tesco.com/groceries/en-GB/products/291513167,https://digitalcontent.api.tesco.com/v2/media/ghs/58e39380-0420-48c3-8383-ccb7ddf95242/7dd2dc86-6569-4080-8f39-da4cf5c8d3f3_2047535886.jpeg?h=225&w=225,Food Cupboard,Biscuits & Cereal Bars
311276883,Stoats Raspberry & Honey Porridge Oat Bars 4 x 42g (168g),£2.30,£1.37/100g,,,False,,False,,,False,https://www.tesco.com/groceries/en-GB/products/311276883,https://digitalcontent.api.tesco.com/v2/media/ghs/e7765212-f96e-4a24-9cbb-a10b33eec319/b4e1ba0b-31f0-4fff-989a-0aae93e88e8d_679565159.jpeg?h=225&w=225,Food Cupboard,Biscuits & Cereal Bars
294779613,Tesco Vanilla Viennese Thins 125g,£1.75,£1.40/100g,,,False,,False,4.8,40,False,https://www.tesco.com/groceries/en-GB/products/294779613,https://digitalcontent.api.tesco.com/v2/media/ghs/d190211d-0b33-42cb-af75-b7b64fd29e31/555887fa-1eb0-40ef-aecf-3033d779618c_1253987896.jpeg?h=225&w=225,Food Cupboard,Biscuits & Cereal Bars
308451115,KIND Protein Crunchy Peanut Butter Snack bars 3x42g,£3.00,£2.38/100g,£2.50 Clubcard Price,(£1.98/100g),True,Offer valid for delivery from 26/03/2025 until 22/04/2025,False,4.6,7,False,https://www.tesco.com/groceries/en-GB/products/308451115,https://digitalcontent.api.tesco.com/v2/media/ghs/2c48abb3-174d-4c78-82ce-ed5565a22ff6/f79f6104-c523-4866-a422-940f88a4773d_554032560.jpeg?h=225&w=225,Food Cupboard,Biscuits & Cereal Bars
304383599,TREK Protein Flapjacks - Salted Caramel 3 Pack 50g,£3.60,£2.40/100g,,,False,,False,,5,False,https://www.tesco.com/groceries/en-GB/products/304383599,https://digitalcontent.api.tesco.com/v2/media/ghs/7ae3e53d-0089-4166-92c5-887c6855ddf1/85aad795-6b5e-4602-bf89-c67dfddf6327_1894816021.jpeg?h=225&w=225,Food Cupboard,Biscuits & Cereal Bars
307132944,TREK Protein Flapjacks - White Chocolate & Raspberry 3 Pack 50g,£3.60,£2.40/100g,,,False,,False,,3,False,https://www.tesco.com/groceries/en-GB/products/307132944,https://digitalcontent.api.tesco.com/v2/media/ghs/9bfc98c6-e671-4ab3-8387-c7f324705939/483e651e-8f3f-467f-94d3-8e7b9268e918_760652805.jpeg?h=225&w=225,Food Cupboard,Biscuits & Cereal Bars
307138229,TREK Protein Flapjacks - Smooth Lemon 3 Pack 50g,£3.60,£2.40/100g,,,False,,False,3.6,5,False,https://www.tesco.com/groceries/en-GB/products/307138229,https://digitalcontent.api.tesco.com/v2/media/ghs/d3e06463-ee04-47e3-beb9-b470e98094fe/892fe20e-aa3f-46b3-9c44-5c94b25b4e54_1380554148.jpeg?h=225&w=225,Food Cupboard,Biscuits & Cereal Bars
311670986,Twix White Chocolate Biscuit Snack Bars Multipack Chocolate 9x20g,£2.70,£1.50/100g,,,False,,False,,,False,https://www.tesco.com/groceries/en-GB/products/311670986,https://digitalcontent.api.tesco.com/v2/media/ghs/c934789a-5f8e-493b-9bbd-f74597339f0f/b3dcde0e-0049-4f6c-82e0-63bc680fc503_392677639.jpeg?h=225&w=225,Food Cupboard,Biscuits & Cereal Bars
311252180,"Twix Salted Caramel & Milk Chocolate Fingers Biscuit Bars Multipack, 9x20g",£2.70,£1.50/100g,,,False,,False,3.9,7,False,https://www.tesco.com/groceries/en-GB/products/311252180,https://digitalcontent.api.tesco.com/v2/media/ghs/74069857-8622-487c-869c-f8def80c2881/949ddcbd-e3a9-47cd-a821-c5722b2cbc78_2141553718.jpeg?h=225&w=225,Food Cupboard,Biscuits & Cereal Bars
312084250,Graze Peanut Butter Oat Boosts Flapjack Snack 4x30G,£2.75,£2.29/100g,£1.75 Clubcard Price,(£1.46/100g),True,Offer valid for delivery from 26/03/2025 until 25/05/2025,False,4.5,167,False,https://www.tesco.com/groceries/en-GB/products/312084250,https://digitalcontent.api.tesco.com/v2/media/ghs/15f84c3c-5c70-413e-8a73-573efd5034d5/7eb8905e-8d72-445c-af26-32fd68ee6849_175131595.jpeg?h=225&w=225,Food Cupboard,Biscuits & Cereal Bars
255418640,Tesco Finest Quadruple Chocolate Cookies 200G,£2.60,£1.30/100g,,,False,,False,4.7,38,False,https://www.tesco.com/groceries/en-GB/products/255418640,https://digitalcontent.api.tesco.com/v2/media/ghs/a2a365f0-8649-47e3-a2c3-f6fb7d5913e0/8d97a941-7757-4647-8a7b-4c77a338f98b_546729951.jpeg?h=225&w=225,Food Cupboard,Biscuits & Cereal Bars
257721761,Jordans Frusli Bars Cranberry & Apple 6X30g,£2.30,£1.28/100g,,,False,,False,4.6,14,False,https://www.tesco.com/groceries/en-GB/products/257721761,https://digitalcontent.api.tesco.com/v2/media/ghs/f66fd8b6-a5c6-45e2-91a5-b68fc825bd58/7ec9cebf-0b81-4f77-8d8e-2bfe79f7d922_1422174926.jpeg?h=225&w=225,Food Cupboard,Biscuits & Cereal Bars
312231301,McVitie's Milk Chocolate Digestive Biscuits - Caramel 250g,£2.25,£0.90/100g,£1.85 Clubcard Price,(£0.74/100g),True,Offer valid for delivery from 26/03/2025 until 22/04/2025,False,4.9,50,False,https://www.tesco.com/groceries/en-GB/products/312231301,https://digitalcontent.api.tesco.com/v2/media/ghs/87e93bbe-67da-440d-ae84-b99787390dd0/37d0be2c-8d85-49a0-a3c4-3e7af967db3e_1394103531.jpeg?h=225&w=225,Food Cupboard,Biscuits & Cereal Bars
308830829,Buttermilk Plant-Based Choccy Bar - Caramel Nougat 50g,£1.70,£3.40/100g,£1.20 Clubcard Price,(£2.40/100g),True,Offer valid for delivery from 16/04/2025 until 13/05/2025,False,4.4,11,False,https://www.tesco.com/groceries/en-GB/products/308830829,https://digitalcontent.api.tesco.com/v2/media/ghs/c4ccb06a-8bf7-4c42-862c-274749474384/d79dfa09-cb88-4b54-b8c3-ee8fbcad04bc_1730872227.jpeg?h=225&w=225,Food Cupboard,Biscuits & Cereal Bars
297544092,Galaxy Cookies 180G,£2.35,£1.31/100g,£1.35 Clubcard Price,(£0.75/100g),True,Offer valid for delivery from 26/03/2025 until 22/04/2025,False,4.3,67,False,https://www.tesco.com/groceries/en-GB/products/297544092,https://digitalcontent.api.tesco.com/v2/media/ghs/27633ddd-c23f-4db0-a70d-adde989370ab/1058dbe8-3dca-47fe-98b6-0033b454fb51_953640005.jpeg?h=225&w=225,Food Cupboard,Biscuits & Cereal Bars
308109009,KIND Dark Chocolate Nuts & Sea Salt Cereal Bars 3x30g,£3.00,£3.33/100g,£2.00 Save 1/3 Clubcard Price,(£2.22/100g),True,Offer valid for delivery from 26/03/2025 until 22/04/2025,False,4.6,33,False,https://www.tesco.com/groceries/en-GB/products/308109009,https://digitalcontent.api.tesco.com/v2/media/ghs/a58bc2fd-1164-4976-bd30-c79d0d5cd258/bca70c57-8048-410d-8d34-c194b990020a_174104073.jpeg?h=225&w=225,Food Cupboard,Biscuits & Cereal Bars
278437236,Tesco Finest Free From Dark Chocolate Ginger Cookies 150G,£2.70,£1.80/100g,,,False,,False,4.7,38,False,https://www.tesco.com/groceries/en-GB/products/278437236,https://digitalcontent.api.tesco.com/v2/media/ghs/1112c647-9650-47ca-bac9-12af5367f8b4/48ebdfa5-391a-4eec-8245-7110f35346e7.jpeg?h=225&w=225,Food Cupboard,Biscuits & Cereal Bars
300877131,Tesco Pumpkin Seeds Almond & Dark Chocolate Bars 140G,£1.85,£1.32/100g,,,False,,False,4.7,42,False,https://www.tesco.com/groceries/en-GB/products/300877131,https://digitalcontent.api.tesco.com/v2/media/ghs/1038d563-0ff8-49ce-9aca-0880f2fe7db0/1e6d3eca-1e93-4bf7-9ed6-97fbc41bd486_607186259.jpeg?h=225&w=225,Food Cupboard,Biscuits & Cereal Bars
259874271,Lotus Biscoff Caramelised Biscuits 250g,£1.70,£0.68/100g,£1.00 Clubcard Price,(£0.40/100g),True,Offer valid for delivery from 29/03/2025 until 21/04/2025,False,4.5,24,False,https://www.tesco.com/groceries/en-GB/products/259874271,https://digitalcontent.api.tesco.com/v2/media/ghs/60150809-d196-447f-b778-6c64d2e8a86b/7be57fa3-b514-4217-9a75-7f8417e80596_334600551.jpeg?h=225&w=225,Food Cupboard,Biscuits & Cereal Bars
277552596,Loacker Napolitaner Wafer 90G,£1.15,£1.28/100g,95p Clubcard Price,(£1.06/100g),True,Offer valid for delivery from 26/02/2025 until 22/04/2025,False,4.4,11,False,https://www.tesco.com/groceries/en-GB/products/277552596,https://digitalcontent.api.tesco.com/v2/media/ghs/5c4c6470-54c8-4adf-8d54-7662824090fb/2a088cc0-6e81-46f8-9dda-035e3901b683_1221699034.jpeg?h=225&w=225,Food Cupboard,Biscuits & Cereal Bars
301692219,Fibre One 90 Calorie Triple Choc Cake Bars 4 x 25g (100g),£1.50,£1.50/100g,,,False,,False,4.5,63,False,https://www.tesco.com/groceries/en-GB/products/301692219,https://digitalcontent.api.tesco.com/v2/media/ghs/4a2d6748-4c4a-45bd-b2f2-1de559c72960/c3484165-af92-4b45-92e8-9da3683ff37c_161376307.jpeg?h=225&w=225,Food Cupboard,Biscuits & Cereal Bars
276846141,Tesco Peanut Cookies 200G,£1.20,£0.60/100g,,,False,,False,3.7,46,False,https://www.tesco.com/groceries/en-GB/products/276846141,https://digitalcontent.api.tesco.com/v2/media/ghs/a16955ff-3efa-4b2b-999e-eb0f1e8d5783/0bcab21a-a34d-4368-a2b8-95d3d34d9048_1396572746.jpeg?h=225&w=225,Food Cupboard,Biscuits & Cereal Bars
254921673,Tesco Garibaldi Biscuits 200G,£1.35,£0.68/100g,,,False,,False,3.9,56,False,https://www.tesco.com/groceries/en-GB/products/254921673,https://digitalcontent.api.tesco.com/v2/media/ghs/c3a67391-b892-4bdc-b889-be655b7f0818/b566d6f1-0080-4d17-b0c0-7019ee0a61a8_1262314077.jpeg?h=225&w=225,Food Cupboard,Biscuits & Cereal Bars
308083896,Tesco Free From Custard Creams Biscuits 125g,£1.30,£1.04/100g,,,False,,False,3.4,32,False,https://www.tesco.com/groceries/en-GB/products/308083896,https://digitalcontent.api.tesco.com/v2/media/ghs/79c38b59-23e3-42f8-91e6-f795428b60d0/cad533c3-5006-4b85-a5db-a8093708d8a2_974809166.jpeg?h=225&w=225,Food Cupboard,Biscuits & Cereal Bars
294779596,Tesco Milk Chocolate Viennese Thins 135g,£1.75,£1.30/100g,,,False,,False,4.9,88,False,https://www.tesco.com/groceries/en-GB/products/294779596,https://digitalcontent.api.tesco.com/v2/media/ghs/64b48447-b19f-49f3-8ad2-f1dc9a608da9/4f38eb77-5d6d-45bd-9b24-8fd8c7cecfd4_2057017305.jpeg?h=225&w=225,Food Cupboard,Biscuits & Cereal Bars
307745242,Tesco Free From Bourbon Creams Biscuits 150g,£1.30,£0.87/100g,,,False,,False,3.8,27,False,https://www.tesco.com/groceries/en-GB/products/307745242,https://digitalcontent.api.tesco.com/v2/media/ghs/330794f2-27e7-49bc-affb-fcdfa907bace/db53e01f-8e58-448a-baf1-eb871f20fbb0_1231124901.jpeg?h=225&w=225,Food Cupboard,Biscuits & Cereal Bars
304377434,Mrs Crimble's Gluten Free Vegan Chocolate Coconut Macaroons 195g,£1.50,£0.77/100g,,,False,,False,,22,False,https://www.tesco.com/groceries/en-GB/products/304377434,https://digitalcontent.api.tesco.com/v2/media/ghs/9fc85051-8950-4075-8119-40ca8676c2f2/0da59bad-07da-4df3-b64d-1d35da4c268b_1261574448.jpeg?h=225&w=225,Food Cupboard,Biscuits & Cereal Bars
311221643,Fibre One 90 Calorie Doughnuts - Chocolate Flavour 4x23g,£1.50,£1.63/100g,,,False,,False,3.6,57,False,https://www.tesco.com/groceries/en-GB/products/311221643,https://digitalcontent.api.tesco.com/v2/media/ghs/9acb6322-f67c-45e1-b19c-3dd38cea8790/7e322646-61d0-433b-95c0-ecb680365bde_369112459.jpeg?h=225&w=225,Food Cupboard,Biscuits & Cereal Bars
306945652,Nutella B-Ready Chocolate Wafers 15 X 22G,£5.35,£1.62/100g,,,False,,False,,2,False,https://www.tesco.com/groceries/en-GB/products/306945652,https://digitalcontent.api.tesco.com/v2/media/ghs/7b164271-265f-488a-9243-15ac69753172/fa6650c0-9f6f-477d-ac54-c99fb1d3d54b_1851203487.jpeg?h=225&w=225,Food Cupboard,Biscuits & Cereal Bars
311445997,BelVita Breakfast Soft Bakes Apricot Filled 5 Pack 250G,£2.95,£1.18/100g,,,False,,False,4.5,83,False,https://www.tesco.com/groceries/en-GB/products/311445997,https://digitalcontent.api.tesco.com/v2/media/ghs/dab8cc10-c75e-4321-b562-fa0828688272/55e62c8c-813a-4c27-8ae7-8da3d074e74c_2014526325.jpeg?h=225&w=225,Food Cupboard,Biscuits & Cereal Bars
303001812,Nakd Fruit & Peanut Bars - Salted Caramel 4 Pack 35g,£3.00,£2.14/100g,£2.25 Save 25% Clubcard Price,(£1.61/100g),True,Offer valid for delivery from 16/04/2025 until 25/05/2025,False,3.5,14,False,https://www.tesco.com/groceries/en-GB/products/303001812,https://digitalcontent.api.tesco.com/v2/media/ghs/7bb180d3-bda3-45bd-9984-b1d24c1d989f/7b97dac3-0817-4a52-ad3c-b49d774d32c2_10560015.jpeg?h=225&w=225,Food Cupboard,Biscuits & Cereal Bars
285964528,Nakd Fruit & Nut Bars - Cashew Cookie 4 Pack 140g,£3.00,£2.14/100g,£2.25 Save 25% Clubcard Price,(£1.61/100g),True,Offer valid for delivery from 16/04/2025 until 25/05/2025,False,,5,False,https://www.tesco.com/groceries/en-GB/products/285964528,https://digitalcontent.api.tesco.com/v2/media/ghs/bffe636b-8d91-4b95-a0c2-795bae6eda97/f75ac4a0-db21-4a00-8813-cdd24b5ee15e_968029224.jpeg?h=225&w=225,Food Cupboard,Biscuits & Cereal Bars
311441054,Stoats Blueberry & Honey Porridge Oat Bars 4 x 42g (168g),£2.30,£1.37/100g,,,False,,False,,2,False,https://www.tesco.com/groceries/en-GB/products/311441054,https://digitalcontent.api.tesco.com/v2/media/ghs/8ef3449c-c820-4dba-a59d-33ba677c9635/7fab44b2-cfde-4514-b90e-f29dae8c86fc_1009325681.jpeg?h=225&w=225,Food Cupboard,Biscuits & Cereal Bars
264711286,Kelloggs Rice Krispies Squares Marshmallows 8X28g,£3.00,£1.34/100g,,,False,,False,,,False,https://www.tesco.com/groceries/en-GB/products/264711286,https://digitalcontent.api.tesco.com/v2/media/ghs/d434988b-abed-4809-94a2-e38670af0071/d44148b1-f7ff-4bb5-bbde-8d3223c6a64b_1003396510.jpeg?h=225&w=225,Food Cupboard,Biscuits & Cereal Bars
265697045,Kelloggs Rice Krispie Squares Chocolate 8X36g,£3.00,£1.04/100g,,,False,,False,,,False,https://www.tesco.com/groceries/en-GB/products/265697045,https://digitalcontent.api.tesco.com/v2/media/ghs/daa2ead4-feee-4924-9e25-26fd59566078/48e56dff-0bf1-45f0-b4bb-fb1f48aaee64_1865744162.jpeg?h=225&w=225,Food Cupboard,Biscuits & Cereal Bars
291559003,TREK Protein Flapjacks - Original Oat 3 Pack 150g,£3.60,£2.40/100g,,,False,,False,,2,False,https://www.tesco.com/groceries/en-GB/products/291559003,https://digitalcontent.api.tesco.com/v2/media/ghs/82a722e4-2f8f-4035-9e7a-9e79cab84119/4367f253-4004-4326-84b7-0608bb063353_1630257753.jpeg?h=225&w=225,Food Cupboard,Biscuits & Cereal Bars
300112609,Tesco Finest Chocolate Orange Cookies 200G,£2.60,£1.30/100g,,,False,,False,4.8,37,False,https://www.tesco.com/groceries/en-GB/products/300112609,https://digitalcontent.api.tesco.com/v2/media/ghs/ce8c3a9f-acb0-43f0-ac50-06c62210e08c/3109b880-929b-42f4-b9c3-6b2f43524119_597029249.jpeg?h=225&w=225,Food Cupboard,Biscuits & Cereal Bars
308081316,Tesco Free From Ginger Nuts Biscuits 180g,£1.80,£1.00/100g,,,False,,False,3.3,21,False,https://www.tesco.com/groceries/en-GB/products/308081316,https://digitalcontent.api.tesco.com/v2/media/ghs/51279bec-ae5e-4419-9d5d-3a1979dd0b58/91d2d95a-939c-4ed6-8ad2-6d35a21d42cf_963849048.jpeg?h=225&w=225,Food Cupboard,Biscuits & Cereal Bars
271099738,BelVita Breakfast Biscuits Yogurt Crunch 5 Pack 253G,£2.75,£1.09/100g,£1.75 Clubcard Price,(£0.69/100g),True,Offer valid for delivery from 26/03/2025 until 22/04/2025,False,4.2,4,False,https://www.tesco.com/groceries/en-GB/products/271099738,https://digitalcontent.api.tesco.com/v2/media/ghs/de95d1a5-114c-485b-a94f-2b8f35565c64/79580c2e-ce4d-4619-b780-ac58bb65c096_1489829066.jpeg?h=225&w=225,Food Cupboard,Biscuits & Cereal Bars
311273206,KIND Maple Pecan & Almond Bars cereal bars 3x30g,£3.00,£3.33/100g,£2.00 Save 1/3 Clubcard Price,(£2.22/100g),True,Offer valid for delivery from 26/03/2025 until 20/05/2025,False,4.5,4,False,https://www.tesco.com/groceries/en-GB/products/311273206,https://digitalcontent.api.tesco.com/v2/media/ghs/4bc6671f-a210-40e4-91ea-d79945a7118c/4d59b7fb-402f-4f59-b5bc-9dac48929855_1454681743.jpeg?h=225&w=225,Food Cupboard,Biscuits & Cereal Bars
270916621,Tesco Finest Dark Chocolate Ginger Cookies 200G,£2.60,£1.30/100g,,,False,,False,3.8,53,False,https://www.tesco.com/groceries/en-GB/products/270916621,https://digitalcontent.api.tesco.com/v2/media/ghs/9a407aa5-8172-4cc0-adfc-c241f5403e4c/c5a30ca1-0acf-4f24-b36a-83d38381251e_1214346726.jpeg?h=225&w=225,Food Cupboard,Biscuits & Cereal Bars
311669050,"Maryland Caramel Crisp Mini Cookies Multipack, 6 Pack 118.8g",£1.50,£1.26/100g,,,False,,False,4.8,21,False,https://www.tesco.com/groceries/en-GB/products/311669050,https://digitalcontent.api.tesco.com/v2/media/ghs/d24bff29-cd4c-4343-aedc-36e0744a9f51/11a2f841-740e-483b-8817-2622bc99e332_1504108505.jpeg?h=225&w=225,Food Cupboard,Biscuits & Cereal Bars
308497746,Kellogg's Rice Krispies Squares Cookies & Cream Snack Bars 4x34g,£2.25,£1.65/100g,£1.65 Save 25% Clubcard Price,(£1.21/100g),True,Offer valid for delivery from 26/02/2025 until 22/04/2025,False,4.5,114,False,https://www.tesco.com/groceries/en-GB/products/308497746,https://digitalcontent.api.tesco.com/v2/media/ghs/8da85bda-43ff-4243-be5f-ec8ffb63afd3/08eed392-b67a-4210-9b47-83b49c252e02_839137241.jpeg?h=225&w=225,Food Cupboard,Biscuits & Cereal Bars
308103494,KIND Caramel Almond & Sea Salt cereal bars 3x30g,£3.00,£3.33/100g,£2.00 Save 1/3 Clubcard Price,(£2.22/100g),True,Offer valid for delivery from 26/03/2025 until 22/04/2025,False,4.7,23,False,https://www.tesco.com/groceries/en-GB/products/308103494,https://digitalcontent.api.tesco.com/v2/media/ghs/8a11f8ca-2bfb-4c3b-ae83-be52f7963e05/1e60d65e-154d-4b17-ab67-947e55a7f068_887738592.jpeg?h=225&w=225,Food Cupboard,Biscuits & Cereal Bars
278434838,Tesco Finest Free From Triple Chocolate Cookies 150G,,,,,False,,False,4.8,32,False,https://www.tesco.com/groceries/en-GB/products/278434838,https://digitalcontent.api.tesco.com/v2/media/ghs/1a1df02d-2bc4-46f1-933a-ab23483050fa/6ab1062f-fc45-4f3a-8e52-883f4076e705_2088163488.jpeg?h=225&w=225,Food Cupboard,Biscuits & Cereal Bars
301052380,Tesco Triple Chocolate Cook 200G,£1.20,£0.60/100g,,,False,,False,4.6,47,False,https://www.tesco.com/groceries/en-GB/products/301052380,https://digitalcontent.api.tesco.com/v2/media/ghs/3efc9c08-23ce-4ddd-8794-50d919c553b8/ab8fb902-5e84-425f-b685-4e5543c8b1e7_1623449258.jpeg?h=225&w=225,Food Cupboard,Biscuits & Cereal Bars
273420511,Tesco Dark Chocolate Digestives 300G,£0.89,£0.30/100g,,,False,,False,4.4,130,False,https://www.tesco.com/groceries/en-GB/products/273420511,https://digitalcontent.api.tesco.com/v2/media/ghs/e8050d8b-d4b2-4b08-8acf-879599a315ad/9555026b-03c7-4607-9da0-17c1fb108aac_1634226604.jpeg?h=225&w=225,Food Cupboard,Biscuits & Cereal Bars
316293779,Perkier Protein Bars - Salted Caramel Dark Chocolate 3 Pack 37g,£2.85,£2.57/100g,,,False,,False,,1,False,https://www.tesco.com/groceries/en-GB/products/316293779,https://digitalcontent.api.tesco.com/v2/media/ghs/87bc488d-c565-4dc4-bf93-de855213e22e/4b25d63f-15b0-4cfd-8aef-1caaa77457bd_721148360.jpeg?h=225&w=225,Food Cupboard,Biscuits & Cereal Bars
316435561,Kellogg's Rice Krispies Squares Caramel & Chocolate Cereal Bars 8 x 36g,£3.00,£1.04/100g,,,False,,False,,,False,https://www.tesco.com/groceries/en-GB/products/316435561,https://digitalcontent.api.tesco.com/v2/media/ghs/12d36eab-8b7e-46a3-9995-455d067b7af3/4a66be76-a386-46b5-bbee-5f7c53bef49e_133025429.jpeg?h=225&w=225,Food Cupboard,Biscuits & Cereal Bars
316661957,Fibre One 90 Calorie Chocolate Fudge Brownies Snack Bars 4 x 24g,£2.25,£2.34/100g,,,False,,False,4.3,47,False,https://www.tesco.com/groceries/en-GB/products/316661957,https://digitalcontent.api.tesco.com/v2/media/ghs/5a5d8170-eeeb-401d-8b08-bb6cbd2b9870/5d9df977-c1dd-4c3f-b4c6-5a1e3a63f5d7_460526160.jpeg?h=225&w=225,Food Cupboard,Biscuits & Cereal Bars
316179852,Fibre One 90 Calorie Birthday Cake Squares Snack Bars 4 x 24g,£2.25,£2.34/100g,,,False,,False,,48,False,https://www.tesco.com/groceries/en-GB/products/316179852,https://digitalcontent.api.tesco.com/v2/media/ghs/45a5d6e2-08d6-489b-bf56-e3ce94a12768/52f6127f-5962-4155-908f-3d0a2e6d3400_546644736.jpeg?h=225&w=225,Food Cupboard,Biscuits & Cereal Bars
316655029,Fibre One 90 Calorie Drizzle Squares - Cookies & Cream 4 x 24g,£2.25,£2.34/100g,,,False,,False,,2,False,https://www.tesco.com/groceries/en-GB/products/316655029,https://digitalcontent.api.tesco.com/v2/media/ghs/ceb0801f-f5fa-4295-80e5-6d28283daa4b/05be9863-d69d-4dbb-8924-0df28e3ce361_510787921.jpeg?h=225&w=225,Food Cupboard,Biscuits & Cereal Bars
316431012,Fibre One 90 Calorie Crispy Choc Brownies 4 x 24g,£2.25,£2.34/100g,,,False,,False,,,False,https://www.tesco.com/groceries/en-GB/products/316431012,https://digitalcontent.api.tesco.com/v2/media/ghs/7f3a7b21-98cc-4cb8-93bb-bb2dd069cf59/d3aa393d-3836-4291-8e9e-51e03dc5122c_1449443032.jpeg?h=225&w=225,Food Cupboard,Biscuits & Cereal Bars
313832055,McVitie's Digestives The Original Biscuits 360g,£1.90,£0.53/100g,,,False,,False,4.5,509,False,https://www.tesco.com/groceries/en-GB/products/313832055,https://digitalcontent.api.tesco.com/v2/media/ghs/848847c0-eba1-413f-9160-49aa51db3241/8a025f2b-8672-4625-a267-54e3ee47244e_1151828889.jpeg?h=225&w=225,Food Cupboard,Biscuits & Cereal Bars
316661592,Eat Natural Protein Fruit & Nut Bars - Peanuts & Dark Chocolate 3 x 40g,£2.60,£2.17/100g,,,False,,False,,3,False,https://www.tesco.com/groceries/en-GB/products/316661592,https://digitalcontent.api.tesco.com/v2/media/ghs/e6aa4b7b-9c4c-4f81-9773-b8447650d768/44f6dd51-dd9e-4efd-8850-b87229e9edf0_1803233043.jpeg?h=225&w=225,Food Cupboard,Biscuits & Cereal Bars
316653573,"Eat Natural Fruit & Nut Bars with Dark Chocolate, Cranberries & Macadamias 3 x 40g",£2.60,£2.17/100g,,,False,,False,3.5,2,False,https://www.tesco.com/groceries/en-GB/products/316653573,https://digitalcontent.api.tesco.com/v2/media/ghs/6fc0f5d6-ef20-4ce2-878a-d2567edc4c1e/ed99b41b-ac2b-47b5-b37f-bbd6e3c011f3_1048292213.jpeg?h=225&w=225,Food Cupboard,Biscuits & Cereal Bars
316439228,"Eat Natural Fruit & Nut Protein Bars with Peanuts, Almonds & Salted Caramel 3 x 40g",£2.60,£2.17/100g,,,False,,False,,,False,https://www.tesco.com/groceries/en-GB/products/316439228,https://digitalcontent.api.tesco.com/v2/media/ghs/5658cc1e-b7ce-48a5-aea0-84e577a8e5c8/95ac69c6-ca81-4faa-a207-1895c97df09b_97936000.jpeg?h=225&w=225,Food Cupboard,Biscuits & Cereal Bars
316644716,"Eat Natural Fruit & Nut Bars with Almond, Apricot & Yoghurt 3 x 40g",£2.60,£2.17/100g,,,False,,False,1.8,6,False,https://www.tesco.com/groceries/en-GB/products/316644716,https://digitalcontent.api.tesco.com/v2/media/ghs/ffbdd727-0fbe-4b2d-bfc0-4d6fce449354/e468d46a-90dd-4ccb-a061-983009a35635_719600035.jpeg?h=225&w=225,Food Cupboard,Biscuits & Cereal Bars
314422251,Graze Superfood Oat Boosts - Cocoa Orange 4x30g,£2.75,£2.29/100g,£1.75 Clubcard Price,(£1.46/100g),True,Offer valid for delivery from 26/03/2025 until 25/05/2025,False,4.6,166,False,https://www.tesco.com/groceries/en-GB/products/314422251,https://digitalcontent.api.tesco.com/v2/media/ghs/49d5bb66-eaf9-4d2f-b4ee-1c3eeb426deb/590a2e5f-9680-4a3a-81dd-0f74fba73332_233510021.jpeg?h=225&w=225,Food Cupboard,Biscuits & Cereal Bars
313750952,McVitie's Digestives Biscuits The Light One 250g,£2.00,£0.80/100g,,,False,,False,4.5,509,False,https://www.tesco.com/groceries/en-GB/products/313750952,https://digitalcontent.api.tesco.com/v2/media/ghs/785bc104-d73e-4fcf-8ea4-57ada8fa951d/590fc207-ea57-4ff8-afbf-d97e0cebcf66_1295189911.jpeg?h=225&w=225,Food Cupboard,Biscuits & Cereal Bars
313941035,Graze Sticky Toffee Oat Boosts Flapjack Snack 4x30G,£2.75,£2.29/100g,£1.75 Clubcard Price,(£1.46/100g),True,Offer valid for delivery from 26/03/2025 until 25/05/2025,False,4.7,222,False,https://www.tesco.com/groceries/en-GB/products/313941035,https://digitalcontent.api.tesco.com/v2/media/ghs/4e741578-f402-417c-b101-a7f74c412f68/799c36ab-60ee-467c-b86f-d35e3f3aeeaf_885609923.jpeg?h=225&w=225,Food Cupboard,Biscuits & Cereal Bars
316437340,Nature Valley Protein Snacksize Bars - Salted Caramel Nut 4 x 25g,£2.50,£2.50/100g,,,False,,False,4.7,41,False,https://www.tesco.com/groceries/en-GB/products/316437340,https://digitalcontent.api.tesco.com/v2/media/ghs/655ccc89-402b-484c-acf4-8078886fed2b/033e1a97-de32-43ce-8c9b-75767830cc81_226774348.jpeg?h=225&w=225,Food Cupboard,Biscuits & Cereal Bars
316531737,Nature Valley Protein Snacksize Bars - Peanut & Chocolate 4 x 25g,£2.50,£2.50/100g,,,False,,False,4.5,35,False,https://www.tesco.com/groceries/en-GB/products/316531737,https://digitalcontent.api.tesco.com/v2/media/ghs/e3d17806-3fd2-4597-9b44-2516a2a66d92/512f581d-95d0-4da7-bb02-1f9695bce84f_948067518.jpeg?h=225&w=225,Food Cupboard,Biscuits & Cereal Bars
318192509,KIND Caramel Chocolate Peanut Mixed Nut Bar 3x30g,£3.00,£3.33/100g,£2.00 Save 1/3 Clubcard Price,(£2.22/100g),True,Offer valid for delivery from 26/03/2025 until 20/05/2025,False,,,False,https://www.tesco.com/groceries/en-GB/products/318192509,https://digitalcontent.api.tesco.com/v2/media/ghs/d57e7e19-8829-416d-935e-06381ad900d0/2f8032f6-6912-4f54-a2d1-782d926ca6dd_1236093204.jpeg?h=225&w=225,Food Cupboard,Biscuits & Cereal Bars
316663428,Kind Chocolate Chip Cashew & Mixed Nut Bar 3 x 30g,£3.00,£3.33/100g,£2.00 Save 1/3 Clubcard Price,(£2.22/100g),True,Offer valid for delivery from 26/03/2025 until 20/05/2025,False,,1,False,https://www.tesco.com/groceries/en-GB/products/316663428,https://digitalcontent.api.tesco.com/v2/media/ghs/d0cce8ef-ad19-41e8-b298-afeda9d630dc/80aab2ea-0798-449f-a94d-eec5c17c7cff_913129356.jpeg?h=225&w=225,Food Cupboard,Biscuits & Cereal Bars
316794722,Kellogg's Rice Krispies Squares & Corn Flakes Cereal Bars 4 x 31g,£2.25,£1.82/100g,£1.65 Save 25% Clubcard Price,(£1.33/100g),True,Offer valid for delivery from 26/02/2025 until 22/04/2025,False,4.6,88,False,https://www.tesco.com/groceries/en-GB/products/316794722,https://digitalcontent.api.tesco.com/v2/media/ghs/311634b0-9a9b-4e27-991c-83164d4bff2c/1d4cfe63-1fab-4cb7-aa83-fbd91a511811_1901801515.jpeg?h=225&w=225,Food Cupboard,Biscuits & Cereal Bars
316536240,Cadbury Dairy Milk Fruitier & Nuttier Orange Boost Chocolate Bars 4 x 30g,£2.25,£1.88/100g,,,False,,False,2.5,2,False,https://www.tesco.com/groceries/en-GB/products/316536240,https://digitalcontent.api.tesco.com/v2/media/ghs/8421ea29-d706-48cb-9d9a-5691d4916b2e/6982aeb6-1c9f-4466-8591-7487262c68d6_683212317.jpeg?h=225&w=225,Food Cupboard,Biscuits & Cereal Bars
316812063,Cadbury Brunch Cereal Bars - Choc Chip 5 x 28g,£1.50,£1.07/100g,,,False,,False,2.2,14,False,https://www.tesco.com/groceries/en-GB/products/316812063,https://digitalcontent.api.tesco.com/v2/media/ghs/9f143f5b-d1e6-4df5-bd83-0a34d92a1164/75b05f27-a746-4cf7-a839-dde8cab36bc5_871489915.jpeg?h=225&w=225,Food Cupboard,Biscuits & Cereal Bars
316641092,Cadbury Brunch Peanut Milk Chocolate Cereal Bars 5 x 28g,£1.50,£1.07/100g,,,False,,False,1.7,7,False,https://www.tesco.com/groceries/en-GB/products/316641092,https://digitalcontent.api.tesco.com/v2/media/ghs/03c702ed-b848-4e62-8371-eca99f9a0436/91c1c863-27e2-4d6b-916c-576369d31e88_1990469667.jpeg?h=225&w=225,Food Cupboard,Biscuits & Cereal Bars
317059434,Cadbury Bournville Brunch Cereal Bars - Choc Chip 5 x 28g,£1.50,£1.07/100g,,,False,,False,,2,False,https://www.tesco.com/groceries/en-GB/products/317059434,https://digitalcontent.api.tesco.com/v2/media/ghs/43c07cc5-0474-4eb7-af26-ef95c0358631/2d504a20-062c-47bd-97b6-5363d1bfca18_1708818431.jpeg?h=225&w=225,Food Cupboard,Biscuits & Cereal Bars
313609954,Loacker Classic Peanut Butter Wafers 90g,£1.15,£1.28/100g,95p Clubcard Price,(£1.06/100g),True,Offer valid for delivery from 26/02/2025 until 22/04/2025,False,,,False,https://www.tesco.com/groceries/en-GB/products/313609954,https://digitalcontent.api.tesco.com/v2/media/ghs/680449ec-e047-4cbe-8d1b-f34d5f6df857/ddc79c2e-7bd9-47ec-91bc-39946eab7c24_925030227.jpeg?h=225&w=225,Food Cupboard,Biscuits & Cereal Bars
317047892,Cadbury Brunch Raisin Milk Chocolate Cereal Bars 5 x 28g,£1.50,£1.07/100g,,,False,,False,,5,False,https://www.tesco.com/groceries/en-GB/products/317047892,https://digitalcontent.api.tesco.com/v2/media/ghs/6d7d89c3-8b1d-4b66-b789-be461b7c0801/0e772344-0fd1-4329-aa83-6e3209aa301e_487729447.jpeg?h=225&w=225,Food Cupboard,Biscuits & Cereal Bars
314833916,Tesco 5 Raisin Munch Bars 160G 160G,£1.20,£0.75/100g,,,False,,False,2.8,4,False,https://www.tesco.com/groceries/en-GB/products/314833916,https://digitalcontent.api.tesco.com/v2/media/ghs/5f91af06-3f38-4800-98c3-3d10e81efe59/ecc17eba-dfd8-4047-bcd8-596f49e12893_754898767.jpeg?h=225&w=225,Food Cupboard,Biscuits & Cereal Bars
314953463,Tesco 5 Salted Caramel Munch Bars 160G,£1.20,£0.75/100g,,,False,,False,2.7,11,False,https://www.tesco.com/groceries/en-GB/products/314953463,https://digitalcontent.api.tesco.com/v2/media/ghs/7d42f9a8-0aa3-491b-98a1-4782fb931e22/c07879eb-45c4-4134-93f5-44ab9285654b_678040337.jpeg?h=225&w=225,Food Cupboard,Biscuits & Cereal Bars
315951982,Bliss Crispy Mallow Chewy Marshmallow Bars 5 x 19g,£1.15,£1.21/100g,,,False,,False,4.5,8,False,https://www.tesco.com/groceries/en-GB/products/315951982,https://digitalcontent.api.tesco.com/v2/media/ghs/0800e5da-89ef-46e5-8036-e3759fa9d746/6d86bf42-77d7-4bc1-9ae3-437af433169f_684267845.jpeg?h=225&w=225,Food Cupboard,Biscuits & Cereal Bars
314838767,Ms Molly's Chocolate Chip Cereal Bars 8 Pack 168g,£1.04,£0.62/100g,,,False,,False,,2,False,https://www.tesco.com/groceries/en-GB/products/314838767,https://digitalcontent.api.tesco.com/v2/media/ghs/5bb7eff7-9cf2-4e0b-9c7d-3b6b0fae09b0/e30d5f22-ac96-42ce-99c2-fe7b86473461_1198204336.jpeg?h=225&w=225,Food Cupboard,Biscuits & Cereal Bars
313848238,McVitie's Digestives The Original Biscuits Twin Pack 2 x 360g,£3.20,£0.44/100g,,,False,,False,4.5,509,False,https://www.tesco.com/groceries/en-GB/products/313848238,https://digitalcontent.api.tesco.com/v2/media/ghs/69f9ae5f-4642-4084-a345-087974148a5d/87d77c3b-fc6c-4b75-8b23-c1af32a7deb9_1467915678.jpeg?h=225&w=225,Food Cupboard,Biscuits & Cereal Bars
313842423,Go Ahead Yogurt Breaks - Forest Fruit 4 x 35.5g,£2.30,£1.62/100g,,,False,,False,4.8,98,False,https://www.tesco.com/groceries/en-GB/products/313842423,https://digitalcontent.api.tesco.com/v2/media/ghs/25921b03-9603-4ad7-9ba8-913d0c57b7da/1c742afe-4615-4bc7-92cd-9e45bb0e9f04_1586259583.jpeg?h=225&w=225,Food Cupboard,Biscuits & Cereal Bars
313382051,Go Ahead Strawberry Fruit Yogurt Breaks Snack Bars Multipack 4 x 35.5g,£2.30,£1.62/100g,,,False,,False,4.7,134,False,https://www.tesco.com/groceries/en-GB/products/313382051,https://digitalcontent.api.tesco.com/v2/media/ghs/0d9d7a94-d2b8-4ad5-b95f-dc0646032110/7f375c3f-c2de-4fb9-b19a-2129c71036eb_768742732.jpeg?h=225&w=225,Food Cupboard,Biscuits & Cereal Bars
314105120,Nakd Protein Bars - Cocoa Hazelnut 3 x 45g,£3.00,£2.22/100g,,,False,,False,4.7,33,False,https://www.tesco.com/groceries/en-GB/products/314105120,https://digitalcontent.api.tesco.com/v2/media/ghs/557f8f5c-a359-49be-8168-b43dc8561196/dead555c-63a8-4e63-9d75-4775d719b018_502872701.jpeg?h=225&w=225,Food Cupboard,Biscuits & Cereal Bars
314115557,Nakd Peanut Butter Protein Bars Multipack 3 x 45g,£3.00,£2.22/100g,,,False,,False,4.6,34,False,https://www.tesco.com/groceries/en-GB/products/314115557,https://digitalcontent.api.tesco.com/v2/media/ghs/7b598860-605b-40c2-89b6-893c6b85ba7e/0e844dff-7ab7-484c-86b9-4f28d4a284e8_1116006966.jpeg?h=225&w=225,Food Cupboard,Biscuits & Cereal Bars
314713454,McVitie's White Chocolate Digestive Biscuits 232g,£2.25,£0.97/100g,,,False,,False,4.3,109,False,https://www.tesco.com/groceries/en-GB/products/314713454,https://digitalcontent.api.tesco.com/v2/media/ghs/f81eb46c-fed8-44ae-a49c-77190e943c59/cdfdb91a-ba89-4a6e-8d74-841d152e4369_1198254078.jpeg?h=225&w=225,Food Cupboard,Biscuits & Cereal Bars
314844892,"Fox's Rocky Caramel Milk Chocolate Biscuit Bars Multipack, 7 Pack 136.5g",£1.50,£1.10/100g,,,False,,False,4.3,26,False,https://www.tesco.com/groceries/en-GB/products/314844892,https://digitalcontent.api.tesco.com/v2/media/ghs/56f46763-79c6-4465-ac04-918abc590e17/cd58a309-1b48-4a22-9517-193658b0f651_1939825343.jpeg?h=225&w=225,Food Cupboard,Biscuits & Cereal Bars
314105097,"Fox's Rocky Orange Chocolate Biscuit Bars Multipack, 7 Pack 138g",£1.50,£1.09/100g,,,False,,False,4.5,17,False,https://www.tesco.com/groceries/en-GB/products/314105097,https://digitalcontent.api.tesco.com/v2/media/ghs/9117dd0d-9971-4b68-a147-8d6ac332d414/2ca2b15c-9a8c-406f-9b3f-0468a28040aa_1981337018.jpeg?h=225&w=225,Food Cupboard,Biscuits & Cereal Bars
314095887,"Fox's Rocky Milk Chocolate Biscuit Bars Multipack, 7 Pack 133g",£1.50,£1.13/100g,,,False,,False,4.1,29,False,https://www.tesco.com/groceries/en-GB/products/314095887,https://digitalcontent.api.tesco.com/v2/media/ghs/05baff4d-21fc-41f1-9c17-0b3b561c1ffc/8b6344fd-b7be-4f6c-a399-5b0c74e205e0_603537398.jpeg?h=225&w=225,Food Cupboard,Biscuits & Cereal Bars
316428092,McVitie's Digestives Seriously Chocolatey Biscuits 250g,£2.25,£0.90/100g,£1.85 Clubcard Price,(£0.74/100g),True,Offer valid for delivery from 26/03/2025 until 22/04/2025,False,4.8,81,False,https://www.tesco.com/groceries/en-GB/products/316428092,https://digitalcontent.api.tesco.com/v2/media/ghs/d18b969a-0b01-4b27-8ea1-00efec633144/8c5f0c5c-fcb4-499c-a1da-a92da657c862_2120932777.jpeg?h=225&w=225,Food Cupboard,Biscuits & Cereal Bars
316652303,McVitie's Rich Tea Cocoa Biscuits 300g,£1.90,£0.63/100g,£1.35 Clubcard Price,(£0.45/100g),True,Offer valid for delivery from 26/03/2025 until 22/04/2025,False,3.6,140,False,https://www.tesco.com/groceries/en-GB/products/316652303,https://digitalcontent.api.tesco.com/v2/media/ghs/022a00d7-ac93-4596-a58e-b53c58e72af1/b6cb5ca0-5ca8-4862-ae4a-29d7b0d5ec23_919293237.jpeg?h=225&w=225,Food Cupboard,Biscuits & Cereal Bars
313736097,Nature Valley Crunchy Dipped With Chocolate Coating 8 X 20G,£2.80,£1.75/100g,£2.00 Clubcard Price,(£1.25/100g),True,Offer valid for delivery from 26/03/2025 until 22/04/2025,False,4.5,36,False,https://www.tesco.com/groceries/en-GB/products/313736097,https://digitalcontent.api.tesco.com/v2/media/ghs/bfb14396-4787-41c8-910d-168612ad21a5/70b127a4-69f4-4523-9989-619ae7c8c32f_1716723264.jpeg?h=225&w=225,Food Cupboard,Biscuits & Cereal Bars
313736238,Cadbury Fruitier & Nuttier Chocolate Bars 4X30g,£2.25,£1.88/100g,,,False,,False,1.8,6,False,https://www.tesco.com/groceries/en-GB/products/313736238,https://digitalcontent.api.tesco.com/v2/media/ghs/0355deff-8f69-4b8c-a201-5e48138f4e28/e00da9a0-9ff3-4ec3-87e0-148d8ac2c27d_2052728175.jpeg?h=225&w=225,Food Cupboard,Biscuits & Cereal Bars
316553933,McVitie's Digestives Gold Golden Caramel Flavour Biscuits 232g,£2.25,£0.97/100g,£1.85 Clubcard Price,(£0.80/100g),True,Offer valid for delivery from 26/03/2025 until 22/04/2025,False,4.4,52,False,https://www.tesco.com/groceries/en-GB/products/316553933,https://digitalcontent.api.tesco.com/v2/media/ghs/4bc29697-1870-4182-b21d-0b11cec9cdae/d3101604-fae9-4383-b9e5-e908dcc350b1_2034580102.jpeg?h=225&w=225,Food Cupboard,Biscuits & Cereal Bars
316438537,Cadbury Brunch Light Honey & Oat Milk Chocolate Cereal Bars 5 x 26g,£1.50,£1.15/100g,,,False,,False,,1,False,https://www.tesco.com/groceries/en-GB/products/316438537,https://digitalcontent.api.tesco.com/v2/media/ghs/f70d9d99-194d-4684-b4fe-d32bd0b94334/f644d72a-8a81-4b4b-bd6d-f4e7daba7c8f_2025948568.jpeg?h=225&w=225,Food Cupboard,Biscuits & Cereal Bars
316652240,Cadbury Brunch Light Cereal Bars - Orange 5 x 26g,£1.50,£1.15/100g,,,False,,False,4.5,2,False,https://www.tesco.com/groceries/en-GB/products/316652240,https://digitalcontent.api.tesco.com/v2/media/ghs/12eab99e-6719-4a91-8c42-7efbc6677972/f3fb5ea2-99c8-4745-b2e1-4ac230da17bd_515537.jpeg?h=225&w=225,Food Cupboard,Biscuits & Cereal Bars
314107262,Nature Valley Cereal Bar Oaty & Crispy Cocoa 5X23g,£2.50,£2.17/100g,£1.75 Clubcard Price,(£1.52/100g),True,Offer valid for delivery from 26/03/2025 until 22/04/2025,False,4.4,43,False,https://www.tesco.com/groceries/en-GB/products/314107262,https://digitalcontent.api.tesco.com/v2/media/ghs/5c4c0f59-0d9b-4adf-b41e-0c0f74fbfcff/0292a6e5-5891-4749-88bf-fecd8e15d5ec_1071308135.jpeg?h=225&w=225,Food Cupboard,Biscuits & Cereal Bars
314409193,McVitie's Iced Gems Biscuits Multipack 5 x 23g,£1.25,£1.09/100g,,,False,,False,4.8,41,False,https://www.tesco.com/groceries/en-GB/products/314409193,https://digitalcontent.api.tesco.com/v2/media/ghs/5153d60f-419f-4886-bf1e-85e8d80ee101/ea384651-bb2a-4d63-be70-47b59e122ee7_506768036.jpeg?h=225&w=225,Food Cupboard,Biscuits & Cereal Bars
313848244,Go Ahead Forest Fruit Crispy Fruit Slices Snack Bars Multipack 4 x 43.6g,£1.25,£0.72/100g,,,False,,False,4.5,115,False,https://www.tesco.com/groceries/en-GB/products/313848244,https://digitalcontent.api.tesco.com/v2/media/ghs/f2068e8a-fca5-440c-9e20-dad2dbcda384/d01f8a74-76e9-47c3-9000-9ba6c0211635_1662475364.jpeg?h=225&w=225,Food Cupboard,Biscuits & Cereal Bars
313845987,Go Ahead Apple Crispy Fruit Slices Snack Bars Multipack 4 x 43.6g,£1.25,£0.72/100g,,,False,,False,4.7,66,False,https://www.tesco.com/groceries/en-GB/products/313845987,https://digitalcontent.api.tesco.com/v2/media/ghs/9815a7f2-3de1-4eec-8351-21c6f560b2a8/d6c34b4a-db8c-4742-8fef-0c6e6e04dec4_1843462718.jpeg?h=225&w=225,Food Cupboard,Biscuits & Cereal Bars
313519749,Go Ahead Raspberry Crispy Fruit Slices Snack Bars Multipack 4 x 43.6g,£1.25,£0.72/100g,,,False,,False,4.6,99,False,https://www.tesco.com/groceries/en-GB/products/313519749,https://digitalcontent.api.tesco.com/v2/media/ghs/0aa77073-9eef-4a0d-b20b-b24a7728baad/3d24b9cd-a0e3-457d-891a-71bb09abc063_1759047784.jpeg?h=225&w=225,Food Cupboard,Biscuits & Cereal Bars
314111861,The Skinny Cookie Co Choc Chip Cookies 165g,£2.00,£1.21/100g,£1.25 Clubcard Price,(£0.76/100g),True,Offer valid for delivery from 26/03/2025 until 22/04/2025,False,3.4,53,False,https://www.tesco.com/groceries/en-GB/products/314111861,https://digitalcontent.api.tesco.com/v2/media/ghs/09f68d03-8e12-4f28-881a-7fd7c109859e/bac7ef7f-34e3-4c0c-bab2-2015ed791c0d_1284609510.jpeg?h=225&w=225,Food Cupboard,Biscuits & Cereal Bars
314689608,McVitie's Digestives Milk Chocolate Mini Biscuits Snack Multipack 5x95g,£1.25,£1.32/100g,,,False,,False,4.7,56,False,https://www.tesco.com/groceries/en-GB/products/314689608,https://digitalcontent.api.tesco.com/v2/media/ghs/ee3f537b-220c-4bb9-82e5-d626279b6351/e8f7f6ba-6e73-4c00-a839-e6a1cdbce10d_655908342.jpeg?h=225&w=225,Food Cupboard,Biscuits & Cereal Bars
316542140,Galaxy Milk Chocolate Digestive Biscuits 300g,£2.00,£0.67/100g,£1.00 Half Price Clubcard Price,(£0.33/100g),True,Offer valid for delivery from 26/03/2025 until 22/04/2025,False,4.3,44,False,https://www.tesco.com/groceries/en-GB/products/316542140,https://digitalcontent.api.tesco.com/v2/media/ghs/8b9ed0d8-0bba-4a5d-88bd-83ee3a37f448/6d345fdc-644d-4e98-bc27-97ac67161e0d_816177627.jpeg?h=225&w=225,Food Cupboard,Biscuits & Cereal Bars
317050478,Cadbury Mini Fingers Chocolate Biscuits 5 x 19.3g,£1.20,£1.24/100g,,,False,,False,,1,False,https://www.tesco.com/groceries/en-GB/products/317050478,https://digitalcontent.api.tesco.com/v2/media/ghs/972d0b24-7368-4de0-857d-cd4a828f2d51/5d7491ca-1246-489d-8bbd-48bb4d8ed0f6_1924471326.jpeg?h=225&w=225,Food Cupboard,Biscuits & Cereal Bars
316430981,Cadbury Animals Biscuits - Milk Chocolate 5 x 19.9g,£1.20,£1.21/100g,,,False,,False,,2,False,https://www.tesco.com/groceries/en-GB/products/316430981,https://digitalcontent.api.tesco.com/v2/media/ghs/a6346ac0-659d-4f0c-a2f8-c8e6b4f471a9/fbcb70a0-ed47-46e0-9bf7-5f948ddb1c16_1562523956.jpeg?h=225&w=225,Food Cupboard,Biscuits & Cereal Bars
316077172,Blue Riband Milk Chocolate Wafer Bars 6 x 18g,£1.00,£0.93/100g,,,False,,False,3.3,7,False,https://www.tesco.com/groceries/en-GB/products/316077172,https://digitalcontent.api.tesco.com/v2/media/ghs/0c1313f2-493b-4191-9d1b-e3bf5dc990d9/082c15d7-cb49-44f2-b3bf-065bf7d1ea6c_1067011398.jpeg?h=225&w=225,Food Cupboard,Biscuits & Cereal Bars
315856818,Blue Riband Hazelnut Chocolate Wafer Bars 6 x 18g,£1.00,£0.93/100g,,,False,,False,1.8,4,False,https://www.tesco.com/groceries/en-GB/products/315856818,https://digitalcontent.api.tesco.com/v2/media/ghs/0a3080b2-4e95-446f-b147-1e7ad8208525/c884abcd-afb7-4791-a22d-772d8761ece6_1027899269.jpeg?h=225&w=225,Food Cupboard,Biscuits & Cereal Bars
315975654,Blue Riband Dark Chocolate Wafer Bars 6 x 17.5g,£1.00,£0.95/100g,,,False,,False,3.7,6,False,https://www.tesco.com/groceries/en-GB/products/315975654,https://digitalcontent.api.tesco.com/v2/media/ghs/262b1395-d008-4fc7-9182-c77395087e92/ba63318d-250d-4c75-9687-d8711d65a045_1622602075.jpeg?h=225&w=225,Food Cupboard,Biscuits & Cereal Bars
317286366,Skinny Whip Double Chocolate Nougat Bars 5 x 20g,£0.99,£0.99/100g,,,False,,False,,3,False,https://www.tesco.com/groceries/en-GB/products/317286366,https://digitalcontent.api.tesco.com/v2/media/ghs/572d50a3-2a5f-4e41-af21-946b441e4f57/28491afd-b714-476e-afaa-ff60ab7fcbb9_1496656151.jpeg?h=225&w=225,Food Cupboard,Biscuits & Cereal Bars
312356804,Skinny Whip Mint And Dark Chocolate Bars 5X20g,£0.99,£0.99/100g,,,False,,False,4.6,5,False,https://www.tesco.com/groceries/en-GB/products/312356804,https://digitalcontent.api.tesco.com/v2/media/ghs/518ccfb1-ad75-489f-b02f-2229ce7dc1ea/8625758b-522b-4a19-b2d9-fb73de2e82a2_1626639306.jpeg?h=225&w=225,Food Cupboard,Biscuits & Cereal Bars
313961996,Tesco Digestives 400G,£0.70,£0.18/100g,,,False,,False,2.3,19,False,https://www.tesco.com/groceries/en-GB/products/313961996,https://digitalcontent.api.tesco.com/v2/media/ghs/2914cc29-9506-407c-9367-46e5aa1e78b4/f6e5371b-3c40-4d61-9e3d-76af9e5bcac9_1357004702.jpeg?h=225&w=225,Food Cupboard,Biscuits & Cereal Bars
314825523,Foxs Chocolatey Indulgent Creams Honeycomb 130G,£2.50,£1.92/100g,,,False,,False,,36,False,https://www.tesco.com/groceries/en-GB/products/314825523,https://digitalcontent.api.tesco.com/v2/media/ghs/1a565034-c74f-4433-beaa-7041d1799595/09de6ce9-8073-4dfe-a8a6-53b111f68c40_1495079966.jpeg?h=225&w=225,Food Cupboard,Biscuits & Cereal Bars
317857457,Deliciously Ella Roasted Peanut Breakfast Bakes 150g,£3.00,£2.00/100g,£2.00 Save 1/3 Clubcard Price,(£1.33/100g),True,Offer valid for delivery from 17/04/2025 until 13/05/2025,False,,3,False,https://www.tesco.com/groceries/en-GB/products/317857457,https://digitalcontent.api.tesco.com/v2/media/ghs/f2c3c29f-f5fc-444e-b746-2bde7902b9d0/0f4444f9-ba2c-4405-8cbd-50c6807194bc_1395167693.jpeg?h=225&w=225,Food Cupboard,Biscuits & Cereal Bars
316296557,"Tesco Finest Madagascan Vanilla, Clotted Cream & Choc Chip Shortbread 150g",£2.60,£1.73/100g,,,False,,False,,3,False,https://www.tesco.com/groceries/en-GB/products/316296557,https://digitalcontent.api.tesco.com/v2/media/ghs/66a3fb3b-baf1-4711-ae71-92bb9b0af0c3/f0782f96-dc7c-4e72-bcd6-48e7d1811e90_2043403452.jpeg?h=225&w=225,Food Cupboard,Biscuits & Cereal Bars
280448284,Nature Valley Oats & Honey Special Value 20 Pack,£3.50,£0.83/100g,,,False,,False,,2,False,https://www.tesco.com/groceries/en-GB/products/280448284,https://digitalcontent.api.tesco.com/v2/media/ghs/6a9cc911-8354-4911-a60e-3e495896d885/5549e705-34a9-41d6-9e58-76944681b351_264633096.jpeg?h=225&w=225,Food Cupboard,Biscuits & Cereal Bars
317764388,Organix Kids Choco & Banana Oaty Split Stix Bars 5x23g,£3.00,£26.09/kg,£2.50 Clubcard Price,(£21.74/kg),True,Offer valid for delivery from 02/04/2025 until 13/05/2025,False,,6,False,https://www.tesco.com/groceries/en-GB/products/317764388,https://digitalcontent.api.tesco.com/v2/media/ghs/94577ec8-3207-4adc-8c52-d5356bf1f309/ee1f7b4d-b809-4fe0-8402-627145324637_213872360.jpeg?h=225&w=225,Food Cupboard,Biscuits & Cereal Bars
316542779,Pip & Nut Peanut Butter Stuffed Oat Bars - Original 3 x 48g,£3.00,£2.08/100g,£2.50 Clubcard Price,(£1.74/100g),True,Offer valid for delivery from 26/03/2025 until 22/04/2025,False,,13,False,https://www.tesco.com/groceries/en-GB/products/316542779,https://digitalcontent.api.tesco.com/v2/media/ghs/a5104cdc-650f-404c-8588-a33181845066/17646419-4263-4810-afe7-e132424d1c3b_1255395667.jpeg?h=225&w=225,Food Cupboard,Biscuits & Cereal Bars
316802403,Pip & Nut Peanut Butter Stuffed Oat Bars - Chocolate 3 x 48g,£3.00,£2.08/100g,£2.50 Clubcard Price,(£1.74/100g),True,Offer valid for delivery from 26/03/2025 until 22/04/2025,False,,9,False,https://www.tesco.com/groceries/en-GB/products/316802403,https://digitalcontent.api.tesco.com/v2/media/ghs/97bc67dd-aca4-45cb-92ad-1bef9728dcd5/bbef7648-f26f-481e-81d3-89c454969296_954539509.jpeg?h=225&w=225,Food Cupboard,Biscuits & Cereal Bars
317740382,Organix Kids Apple & Blackcurrant Oaty Split Stix Bars 5x23g,£3.00,£26.09/kg,£2.50 Clubcard Price,(£21.74/kg),True,Offer valid for delivery from 02/04/2025 until 13/05/2025,False,,6,False,https://www.tesco.com/groceries/en-GB/products/317740382,https://digitalcontent.api.tesco.com/v2/media/ghs/6296b503-b694-4049-b4b6-08710d788ef4/67234b24-4fc8-497f-a314-761437a2866d_1947457750.jpeg?h=225&w=225,Food Cupboard,Biscuits & Cereal Bars
316649515,Loacker Tortina Dark Chocolate & Hazelnut Cream Wafer Rounds 6 x 21g,£3.25,£2.58/100g,£2.90 Clubcard Price,(£2.30/100g),True,Offer valid for delivery from 26/03/2025 until 22/04/2025,False,,,False,https://www.tesco.com/groceries/en-GB/products/316649515,https://digitalcontent.api.tesco.com/v2/media/ghs/30de6a36-b372-4dce-808d-57a30612eb6b/5b986e88-4d83-473e-a448-903211b1b7ec_1270870774.jpeg?h=225&w=225,Food Cupboard,Biscuits & Cereal Bars
316798793,Loacker Tortina Original Milk Chocolate & Hazelnut Cream Wafer Rounds 6 x 21g,£3.25,£2.58/100g,£2.90 Clubcard Price,(£2.30/100g),True,Offer valid for delivery from 26/03/2025 until 22/04/2025,False,,1,False,https://www.tesco.com/groceries/en-GB/products/316798793,https://digitalcontent.api.tesco.com/v2/media/ghs/5f9020bd-01ba-4aa1-9654-42835bfdb95c/9229c531-cf31-4c5d-9e3f-98e087fb9fc9_702325587.jpeg?h=225&w=225,Food Cupboard,Biscuits & Cereal Bars
316801370,Tesco Finest Free From Belgian Chocolate Chunk Shortbread 150g,£2.35,£1.57/100g,,,False,,False,2.7,6,False,https://www.tesco.com/groceries/en-GB/products/316801370,https://digitalcontent.api.tesco.com/v2/media/ghs/34113845-9805-45e8-b2ed-16e8162c7246/af9f25fa-6892-45f2-9f01-6d0afab67a01_610519090.jpeg?h=225&w=225,Food Cupboard,Biscuits & Cereal Bars
316553242,OREO Vanilla Latte Flavour Sandwich Biscuits 157g,£1.50,£0.96/100g,,,False,,False,4.3,3,False,https://www.tesco.com/groceries/en-GB/products/316553242,https://digitalcontent.api.tesco.com/v2/media/ghs/558e5d2c-59e0-42b8-944f-932912cd66ba/d55cc5d8-b778-432a-94e5-633f7d889321_959623270.jpeg?h=225&w=225,Food Cupboard,Biscuits & Cereal Bars
289968155,OREO Golden Cookie Sandwich Biscuits 154g,£1.50,£0.97/100g,,,False,,False,4.7,1402,False,https://www.tesco.com/groceries/en-GB/products/289968155,https://digitalcontent.api.tesco.com/v2/media/ghs/6e5edf13-deaf-427a-8e1c-be4e7a3880a7/5c802a67-a155-4182-a911-b0eb20f974c1_526514217.jpeg?h=225&w=225,Food Cupboard,Biscuits & Cereal Bars
315072340,Freddie's Farm Berry Bars - Blueberry 5 x 20g,£2.50,£25.00/kg,£1.85 Save 25% Clubcard Price,(£18.50/kg),True,Offer valid for delivery from 16/04/2025 until 13/05/2025,False,,2,False,https://www.tesco.com/groceries/en-GB/products/315072340,https://digitalcontent.api.tesco.com/v2/media/ghs/154784da-a858-45ac-8da1-6e974f5883d0/72e07401-fb65-4f05-9242-0d270d0d8811_1819280820.jpeg?h=225&w=225,Food Cupboard,Biscuits & Cereal Bars
315162337,Freddie's Farm Berry Bars - Strawberry 5 x 20g,£2.50,£25.00/kg,£1.85 Save 25% Clubcard Price,(£18.50/kg),True,Offer valid for delivery from 16/04/2025 until 13/05/2025,False,,2,False,https://www.tesco.com/groceries/en-GB/products/315162337,https://digitalcontent.api.tesco.com/v2/media/ghs/ff2c3170-0b11-44d3-824b-c83eb9219204/03c5b4a0-fe08-44ab-9479-39573fab7cd8_34146735.jpeg?h=225&w=225,Food Cupboard,Biscuits & Cereal Bars
312705536,Tesco 4 Peanut & Dark Chocolate Cereal Bars 140G,£1.85,£1.32/100g,,,False,,False,,3,False,https://www.tesco.com/groceries/en-GB/products/312705536,https://digitalcontent.api.tesco.com/v2/media/ghs/0af5e101-6c3c-4e30-8185-d4de3a15240a/6cfa15e3-34a2-492b-8ed5-296e2003187e_1854292841.jpeg?h=225&w=225,Food Cupboard,Biscuits & Cereal Bars
314711583,Lotus Biscoff Sandwich Biscuits - Vanilla Flavour 150g,£1.70,£1.13/100g,£1.20 Clubcard Price,(£0.80/100g),True,Offer valid for delivery from 26/03/2025 until 27/04/2025,False,,,False,https://www.tesco.com/groceries/en-GB/products/314711583,https://digitalcontent.api.tesco.com/v2/media/ghs/55308f55-cd2d-4f30-a471-fe1d6f5dcceb/6adb6e8e-929e-41cd-96e6-8a2da61c8bbf_1095065214.jpeg?h=225&w=225,Food Cupboard,Biscuits & Cereal Bars
283447205,Bahlsen Hit Cocoa Creme Biscuits 220G,£1.25,£0.57/100g,,,False,,False,4.7,31,False,https://www.tesco.com/groceries/en-GB/products/283447205,https://digitalcontent.api.tesco.com/v2/media/ghs/f10059d9-9178-4b23-9cf5-975a10d368e1/0ec177d3-5c36-47f0-90ac-1178b482e221_1439648835.jpeg?h=225&w=225,Food Cupboard,Biscuits & Cereal Bars
321346215,The Gut Stuff Sea Salt & Caramel High Fibre Fruit & Nut Bar 35g,£1.30,£37.14/kg,,,False,,False,,,False,https://www.tesco.com/groceries/en-GB/products/321346215,https://digitalcontent.api.tesco.com/v2/media/ghs-mktg/b0b04216-fa73-466d-a9d7-c9fcfa1ce9b3/no-image.jpeg,Food Cupboard,Biscuits & Cereal Bars
316784890,Jammie Dodgers Strawberry Flavour Jam & Biscuit 140g,£0.85,£0.61/100g,50p Clubcard Price,(£0.36/100g),True,Offer valid for delivery from 26/02/2025 until 22/04/2025,False,3.7,50,False,https://www.tesco.com/groceries/en-GB/products/316784890,https://digitalcontent.api.tesco.com/v2/media/ghs/feffb1b2-4d8a-4f9d-96b9-b2f685d7182e/bb9faeeb-0caf-4c56-8781-bbe22f8f67bc_1155700380.jpeg?h=225&w=225,Food Cupboard,Biscuits & Cereal Bars
313956467,Jammie Dodgers Apple & Blackcurrant Biscuits 140g,£0.85,£0.61/100g,50p Clubcard Price,(£0.36/100g),True,Offer valid for delivery from 26/02/2025 until 22/04/2025,False,4.5,37,False,https://www.tesco.com/groceries/en-GB/products/313956467,https://digitalcontent.api.tesco.com/v2/media/ghs/034c2c88-3ed9-4773-9fe2-d9ced1295bd2/171286cb-5281-4873-aa52-79d9ee17b616_504758561.jpeg?h=225&w=225,Food Cupboard,Biscuits & Cereal Bars
313731687,Tesco All Butter Shortbread Fingers 210G,£1.00,£0.48/100g,,,False,,False,4.3,25,False,https://www.tesco.com/groceries/en-GB/products/313731687,https://digitalcontent.api.tesco.com/v2/media/ghs/f6e580c5-5bdc-478f-9c7b-338773d6f3a4/2b6c35d5-7d2e-4214-b509-64c5ddd17753_1954706573.jpeg?h=225&w=225,Food Cupboard,Biscuits & Cereal Bars
313385819,Tesco Extremely Chocolatey Biscuit Selection 400G,£5.25,£1.31/100g,£4.50 Clubcard Price,(£1.13/100g),True,Offer valid for delivery from 26/03/2025 until 22/04/2025,False,3.5,19,False,https://www.tesco.com/groceries/en-GB/products/313385819,https://digitalcontent.api.tesco.com/v2/media/ghs/9edd2ad6-4ac0-4d1e-8611-d35373a1cf30/0f742f4e-d680-4ded-ac86-535275b5ef6e_778806865.jpeg?h=225&w=225,Food Cupboard,Biscuits & Cereal Bars
313754533,Tesco Extremely Chocolatey Biscuit Selection - Milk Chocolate 400g,£5.25,£1.31/100g,£4.50 Clubcard Price,(£1.13/100g),True,Offer valid for delivery from 26/03/2025 until 22/04/2025,False,4.5,13,False,https://www.tesco.com/groceries/en-GB/products/313754533,https://digitalcontent.api.tesco.com/v2/media/ghs/c4a25fa8-d927-44ed-b052-e184a02253eb/c87b3439-8528-45f4-98f4-b5b2d2b54c02_66314249.jpeg?h=225&w=225,Food Cupboard,Biscuits & Cereal Bars
316061311,Tesco Finest Fruity Flapjack Cookies 200g,£2.60,£1.30/100g,,,False,,False,,5,False,https://www.tesco.com/groceries/en-GB/products/316061311,https://digitalcontent.api.tesco.com/v2/media/ghs/93f56ad3-4b8c-4422-bdbd-473b870cc0d2/02cf20dd-3d47-44da-a3af-baa06b53814c_1642404026.jpeg?h=225&w=225,Food Cupboard,Biscuits & Cereal Bars
313842233,McVitie's Gold Chocolate Biscuit Bars Family Pack 14 Pack 2x124g,£2.50,£10.08/kg,,,False,,False,4.7,105,False,https://www.tesco.com/groceries/en-GB/products/313842233,https://digitalcontent.api.tesco.com/v2/media/ghs/0bcfb5b7-85c9-4cf6-a8a2-200a8811858e/ca159e2e-a5ab-4a33-a7c9-c08ced3e080c_1144081041.jpeg?h=225&w=225,Food Cupboard,Biscuits & Cereal Bars
297753691,Fox's Viennese Dipped Finger 105g,£2.25,£2.14/100g,,,False,,False,2.8,4,False,https://www.tesco.com/groceries/en-GB/products/297753691,https://digitalcontent.api.tesco.com/v2/media/ghs/b6cd7d69-055d-494d-8f8a-1f15a1090860/bb5f647a-990e-4ff0-97d2-7f2fa8d888ef_168844262.jpeg?h=225&w=225,Food Cupboard,Biscuits & Cereal Bars
315071548,Crosta & Mollica Cantucci Biscuit 170G,£3.25,£1.91/100g,£2.50 Clubcard Price,(£1.47/100g),True,Offer valid for delivery from 26/03/2025 until 22/04/2025,False,,1,False,https://www.tesco.com/groceries/en-GB/products/315071548,https://digitalcontent.api.tesco.com/v2/media/ghs/5d612a17-f633-434b-b5c1-2ca55aec6ecf/4d50d072-e278-47e0-8653-fd5bd516817d_1009244693.jpeg?h=225&w=225,Food Cupboard,Biscuits & Cereal Bars
315062409,Crosta & Mollica Soft Amaretti Biscuits 140g,£3.25,£2.32/100g,£2.50 Clubcard Price,(£1.79/100g),True,Offer valid for delivery from 26/03/2025 until 22/04/2025,False,4.5,11,False,https://www.tesco.com/groceries/en-GB/products/315062409,https://digitalcontent.api.tesco.com/v2/media/ghs/a960daba-98ae-4c9a-ad97-dd1fae5e5fc7/8af2ee12-5d29-4766-843d-7441ed41b955_133656953.jpeg?h=225&w=225,Food Cupboard,Biscuits & Cereal Bars
313858261,McVitie's Penguin Milk Chocolate Biscuit Bar Multipack 7 x 24.6g,,,,,False,,False,4.7,50,False,https://www.tesco.com/groceries/en-GB/products/313858261,https://digitalcontent.api.tesco.com/v2/media/ghs/f678d848-c813-41c0-b185-522b9b08dc30/557b0649-ee1e-4a59-b69e-1aeb0a9ebca0_1085798603.jpeg?h=225&w=225,Food Cupboard,Biscuits & Cereal Bars
316301915,Tesco Finest Milk Chocolate Florentines 105g,£3.00,£2.86/100g,,,False,,False,3.1,9,False,https://www.tesco.com/groceries/en-GB/products/316301915,https://digitalcontent.api.tesco.com/v2/media/ghs/44287632-6c7a-4fbe-acbb-2630127e1c38/a64adcfe-61fb-4bed-a006-b0d7d4bdb0d0_1840169741.jpeg?h=225&w=225,Food Cupboard,Biscuits & Cereal Bars
314298800,Crosta & Mollica Baci Hazelnut Biscuits 140g,£3.25,£2.32/100g,£2.50 Clubcard Price,(£1.79/100g),True,Offer valid for delivery from 26/03/2025 until 22/04/2025,False,3.3,3,False,https://www.tesco.com/groceries/en-GB/products/314298800,https://digitalcontent.api.tesco.com/v2/media/ghs/d6fcd9a1-fe9f-42d2-9bd3-fd11e5acd089/8dc0fc6d-3adb-400a-a8e4-8497db45e008_1224364568.jpeg?h=225&w=225,Food Cupboard,Biscuits & Cereal Bars
314311584,Bahlsen Choco Leibniz Milk Chocolate Biscuits 111g,£2.25,£2.03/100g,,,False,,False,3.7,50,False,https://www.tesco.com/groceries/en-GB/products/314311584,https://digitalcontent.api.tesco.com/v2/media/ghs/eca670e4-13d0-4c9b-ab8c-b7c67aa7334e/7aa938a8-b930-4c00-979b-b65d967d6120_1767587161.jpeg?h=225&w=225,Food Cupboard,Biscuits & Cereal Bars
314411961,Bahlsen Choco Leibniz White Chocolate Biscuits 111g,£2.25,£2.03/100g,,,False,,False,,5,False,https://www.tesco.com/groceries/en-GB/products/314411961,https://digitalcontent.api.tesco.com/v2/media/ghs/15be043f-1ca0-4be1-9c1c-35b7c25da324/d64f5d62-6f74-46ff-a1c0-1e84c343cf4b_444867495.jpeg?h=225&w=225,Food Cupboard,Biscuits & Cereal Bars
314409043,Bahlsen Choco Leibniz Orange Chocolate Biscuits 111g,£2.25,£2.03/100g,,,False,,False,4.5,31,False,https://www.tesco.com/groceries/en-GB/products/314409043,https://digitalcontent.api.tesco.com/v2/media/ghs/d1d160df-256d-46d6-a29e-c3ed9e765534/fc8dae15-4c45-436d-8a5c-632e1119a6f4_563256334.jpeg?h=225&w=225,Food Cupboard,Biscuits & Cereal Bars
314593462,Bahlsen Choco Leibniz Dark Chocolate Biscuits 111g,£2.25,£2.03/100g,,,False,,False,4.1,38,False,https://www.tesco.com/groceries/en-GB/products/314593462,https://digitalcontent.api.tesco.com/v2/media/ghs/80a86613-e51d-4d0b-be5c-f879eddd649f/e0762868-15de-4d1e-8203-479f7d772c6d_432256023.jpeg?h=225&w=225,Food Cupboard,Biscuits & Cereal Bars
321038626,FOX'S ROCKY MILK CHOCOLATE BISCUIT BARS 14X19G,£1.85,£0.70/100g,,,False,,False,,,False,https://www.tesco.com/groceries/en-GB/products/321038626,https://digitalcontent.api.tesco.com/v2/media/ghs/d5080db0-d4f2-4705-8176-80706ea9ca99/d52397f3-2fe2-4062-a13b-b7f359875e41_669583511.jpeg?h=225&w=225,Food Cupboard,Biscuits & Cereal Bars
308093170,Lotus Biscoff Sandwich Biscuits Milk Chocolate 150G,£1.70,£1.13/100g,£1.20 Clubcard Price,(£0.80/100g),True,Offer valid for delivery from 26/03/2025 until 27/04/2025,False,3.7,6,False,https://www.tesco.com/groceries/en-GB/products/308093170,https://digitalcontent.api.tesco.com/v2/media/ghs/673cb62d-85d2-4a0c-8c3b-5e11e2f5abf2/79036f58-76b0-47e5-9f13-25c8b8d3994e_1595476320.jpeg?h=225&w=225,Food Cupboard,Biscuits & Cereal Bars
316543605,Border Dark Chocolate Raspberry Biscuits 150g,£2.20,£1.47/100g,£1.50 Clubcard Price,(£1.00/100g),True,Offer valid for delivery from 26/03/2025 until 20/05/2025,False,4.8,4,False,https://www.tesco.com/groceries/en-GB/products/316543605,https://digitalcontent.api.tesco.com/v2/media/ghs/4966f01b-258d-4db6-8682-27802434c315/e606626e-1f2f-470a-b44c-9ba8bd0afc93_155236255.jpeg?h=225&w=225,Food Cupboard,Biscuits & Cereal Bars
317052286,McVitie's Jaffa Cakes Cola Bottle Flavour 10 Pack,£1.50,£0.15/each,95p Clubcard Price,(£0.10/each),True,Offer valid for delivery from 26/03/2025 until 22/04/2025,False,4.4,143,False,https://www.tesco.com/groceries/en-GB/products/317052286,https://digitalcontent.api.tesco.com/v2/media/ghs/cb90f5e9-6752-4be5-8c59-1f04d9c91bef/cab6e2ad-12bc-4a5b-acd8-3e3d572ff20c_665383265.jpeg?h=225&w=225,Food Cupboard,Biscuits & Cereal Bars
307155076,McVitie's Gold Caramel Flavour Biscuit Bars Multipack 7 x 18.3g,£1.49,£12.02/kg,£1.25 Clubcard Price,(£10.08/kg),True,Offer valid for delivery from 26/03/2025 until 20/05/2025,False,4.7,105,False,https://www.tesco.com/groceries/en-GB/products/307155076,https://digitalcontent.api.tesco.com/v2/media/ghs/799a6dd9-1f28-4848-bf95-9196f58dde08/032f006f-7ee9-44c6-b3b5-0e0f9ab4496c_937118900.jpeg?h=225&w=225,Food Cupboard,Biscuits & Cereal Bars
313968234,Loacker Classic Double Chocolate Wafers 90G,£1.15,£1.28/100g,95p Clubcard Price,(£1.06/100g),True,Offer valid for delivery from 26/02/2025 until 22/04/2025,False,,1,False,https://www.tesco.com/groceries/en-GB/products/313968234,https://digitalcontent.api.tesco.com/v2/media/ghs/c4de4d54-4421-4fee-92b4-a9a17f33a01a/a4f633ad-6288-443a-b0c6-98404585b506_1231061286.jpeg?h=225&w=225,Food Cupboard,Biscuits & Cereal Bars
316422645,Loacker Chocolaterie Dark Chocolate Wafer Bars 4 x 17.5g,£2.00,£2.86/100g,£1.35 Clubcard Price,(£1.93/100g),True,Offer valid for delivery from 26/03/2025 until 22/04/2025,False,,1,False,https://www.tesco.com/groceries/en-GB/products/316422645,https://digitalcontent.api.tesco.com/v2/media/ghs/a3e93881-6cf8-49a5-a438-992bf284157f/6e7fb9e4-f493-4b4b-8df5-6485cec91142_496497967.jpeg?h=225&w=225,Food Cupboard,Biscuits & Cereal Bars
314097295,Loacker Classic Vanilla Wafers 90G,£1.15,£1.28/100g,95p Clubcard Price,(£1.06/100g),True,Offer valid for delivery from 26/02/2025 until 22/04/2025,False,,2,False,https://www.tesco.com/groceries/en-GB/products/314097295,https://digitalcontent.api.tesco.com/v2/media/ghs/c38fd043-91d2-4721-b8e6-55492b7cadc5/6ffaccb5-a0c4-4c09-b1b7-593f1a4e92eb_1493438784.jpeg?h=225&w=225,Food Cupboard,Biscuits & Cereal Bars
316929720,Cadbury TimeOut Orange Milk Chocolate Covered Wafer 6 Pack 108g,£1.35,£1.25/100g,£1.20 Clubcard Price,(£1.11/100g),True,Offer valid for delivery from 14/04/2025 until 27/04/2025,False,,,False,https://www.tesco.com/groceries/en-GB/products/316929720,https://digitalcontent.api.tesco.com/v2/media/ghs/489274d5-82d7-4858-823e-6e9992d585dd/3d200d07-5266-44d1-b497-3a72b9d93b30_1310726720.jpeg?h=225&w=225,Food Cupboard,Biscuits & Cereal Bars
316313158,Loacker Chocolaterie Milk Chocolate Wafer Bars 4 x 17.5g,£2.00,£2.86/100g,£1.35 Clubcard Price,(£1.93/100g),True,Offer valid for delivery from 26/03/2025 until 22/04/2025,False,3.5,2,False,https://www.tesco.com/groceries/en-GB/products/316313158,https://digitalcontent.api.tesco.com/v2/media/ghs/66d3c7b2-2894-4c10-b2ff-e8b8a09b8865/521cb32a-3cd0-4f6e-a1b3-559f3769fdf0_686932310.jpeg?h=225&w=225,Food Cupboard,Biscuits & Cereal Bars
316431087,LU Le Petit Cookie with Chocolate Chips 184g,,,£1.00 Half Price Clubcard Price,(£0.54/100g),True,Offer valid for delivery from 26/03/2025 until 22/04/2025,False,,,False,https://www.tesco.com/groceries/en-GB/products/316431087,https://digitalcontent.api.tesco.com/v2/media/ghs/fb370ea8-37b1-4318-8b37-63e8f0e86d6d/ed46550a-5e07-41e9-aa3d-dfb0dfae395d_1633207416.jpeg?h=225&w=225,Food Cupboard,Biscuits & Cereal Bars
316651552,Cadbury Timeout Wafer Chocolate Biscuit Bars 6 Pack 108g,£1.35,£1.25/100g,£1.20 Clubcard Price,(£1.11/100g),True,Offer valid for delivery from 14/04/2025 until 27/04/2025,False,4.3,3,False,https://www.tesco.com/groceries/en-GB/products/316651552,https://digitalcontent.api.tesco.com/v2/media/ghs/6274ca69-190b-4465-8a08-947aae842f7d/baf5c6fa-6d87-4454-9b06-0cf0710b5637_2053149628.jpeg?h=225&w=225,Food Cupboard,Biscuits & Cereal Bars
321052234,Wagon Wheels Original Retro 6 Pack,£1.35,£0.22/each,90p Save 1/3 Clubcard Price,(£0.15/each),True,Offer valid for delivery from 31/03/2025 until 21/04/2025,False,,,False,https://www.tesco.com/groceries/en-GB/products/321052234,https://digitalcontent.api.tesco.com/v2/media/ghs/8a691745-7267-457f-889b-2d89b94b2139/de6b31bb-3f70-4f2c-827c-b7777aa18b81_478720183.jpeg?h=225&w=225,Food Cupboard,Biscuits & Cereal Bars
314101222,"Bahlsen Pick Up! Hazelnut Chocolate Biscuit Bars Multipack, 5x28g",£2.00,£1.43/100g,£1.35 Clubcard Price,(£0.96/100g),True,Offer valid for delivery from 26/03/2025 until 22/04/2025,False,,36,False,https://www.tesco.com/groceries/en-GB/products/314101222,https://digitalcontent.api.tesco.com/v2/media/ghs/7b13323b-491b-44fb-b926-3403264cea35/6f46a49b-e3e7-4da1-93a7-bc3287d04114_2069821849.jpeg?h=225&w=225,Food Cupboard,Biscuits & Cereal Bars
314106401,"Bahlsen Pick Up! Choco & Milk Chocolate Biscuit Bars Multipack, 5 Pack 140g",£2.00,£1.43/100g,£1.35 Clubcard Price,(£0.96/100g),True,Offer valid for delivery from 26/03/2025 until 22/04/2025,False,,38,False,https://www.tesco.com/groceries/en-GB/products/314106401,https://digitalcontent.api.tesco.com/v2/media/ghs/f0f9315d-dc91-4d93-ba76-e8a828112fcb/898a1927-8a07-49de-a42d-26b0e899ca34_938271631.jpeg?h=225&w=225,Food Cupboard,Biscuits & Cereal Bars
316311454,Fox's Fabulous Chocolatey Dark Chocolate Rounds 130g,£2.25,£1.73/100g,£1.25 Clubcard Price,(£0.96/100g),True,Offer valid for delivery from 26/03/2025 until 20/05/2025,False,,30,False,https://www.tesco.com/groceries/en-GB/products/316311454,https://digitalcontent.api.tesco.com/v2/media/ghs/23579958-84af-43db-ba58-b6bd7bf68eb0/5c8651da-fe30-40c4-a953-0326663a7a8f_1066456326.jpeg?h=225&w=225,Food Cupboard,Biscuits & Cereal Bars
264396691,Mikado Milk Chocolate Biscuits 75G,£1.40,£1.87/100g,,,False,,False,,3,False,https://www.tesco.com/groceries/en-GB/products/264396691,https://digitalcontent.api.tesco.com/v2/media/ghs/52ff2d03-e31e-40bf-b431-2fe172fdbdff/3cf23b27-c1d5-43f5-9fd5-433ba5ca253d_316219814.jpeg?h=225&w=225,Food Cupboard,Biscuits & Cereal Bars
313612120,Kit Kat 2 Finger Caramel Chocolate Biscuit Bar Multipack 9 Pack,£1.95,£1.05/100g,£1.30 Save 1/3 Clubcard Price,(£0.70/100g),True,Offer valid for delivery from 26/03/2025 until 20/05/2025,False,4.2,5,False,https://www.tesco.com/groceries/en-GB/products/313612120,https://digitalcontent.api.tesco.com/v2/media/ghs/5d78a2db-45b1-491d-b8aa-630ff0be3d8c/a7df7193-f589-41b1-a84d-aadf42622820_1102578976.jpeg?h=225&w=225,Food Cupboard,Biscuits & Cereal Bars
320978425,Rocky Chunky Milk Chocolate Biscuit Bar 7 Pack 19g,£1.55,£1.16/100g,90p Clubcard Price,(£0.68/100g),True,Offer valid for delivery from 31/03/2025 until 21/04/2025,False,,1,False,https://www.tesco.com/groceries/en-GB/products/320978425,https://digitalcontent.api.tesco.com/v2/media/ghs/9eab64f8-ace5-41b2-9129-c6f29c8e3b9f/1c53ab7f-7410-49d1-98a9-40d04da05a56_1692250352.jpeg?h=225&w=225,Food Cupboard,Biscuits & Cereal Bars
317051638,Fox's Fabulous Half Coated Dark Chocolate Cookies 175g,£2.35,£1.34/100g,£1.25 Clubcard Price,(£0.71/100g),True,Offer valid for delivery from 26/03/2025 until 20/05/2025,False,,27,False,https://www.tesco.com/groceries/en-GB/products/317051638,https://digitalcontent.api.tesco.com/v2/media/ghs/cff2639f-1f7e-47d1-80ac-e24c667bb7f2/e8c6363d-0cd9-427b-8c51-8b81e4380d0f_190214268.jpeg?h=225&w=225,Food Cupboard,Biscuits & Cereal Bars
316051300,Grenade Fan Favourites Selection Box - 10 x 60g,£23.35,£3.89/100g,,,False,,False,,,False,https://www.tesco.com/groceries/en-GB/products/316051300,https://digitalcontent.api.tesco.com/v2/media/ghs/7f341103-1747-4b7b-b49e-c75042d1418c/dca0d934-27ad-4078-a50e-413085cae24b_1345500481.jpeg?h=225&w=225,Food Cupboard,Biscuits & Cereal Bars
320791587,Huel Peanut Caramel Complete Nutrition Bar 55g,£2.50,£4.54/100g,,,False,,False,,,False,https://www.tesco.com/groceries/en-GB/products/320791587,https://digitalcontent.api.tesco.com/v2/media/ghs/098c2f3e-8ce5-430c-a271-4a44a6cfcfdf/5af62e16-304c-42eb-9440-a41271ebf9b7_1175131090.jpeg?h=225&w=225,Food Cupboard,Biscuits & Cereal Bars
320813684,Huel Chocolate Caramel Flavour Complete Nutrition Bar 55g,£2.50,£4.54/100g,,,False,,False,,,False,https://www.tesco.com/groceries/en-GB/products/320813684,https://digitalcontent.api.tesco.com/v2/media/ghs/03eefe42-fc96-40f1-9f78-605aa7351035/a3fc0eb3-a92d-464c-bdc4-406db27396a2_1067935068.jpeg?h=225&w=225,Food Cupboard,Biscuits & Cereal Bars
320684305,Spooners Chocolate Chip Cookie Dough 2x75g,£2.95,£1.97/100g,,,False,,False,3.9,15,False,https://www.tesco.com/groceries/en-GB/products/320684305,https://digitalcontent.api.tesco.com/v2/media/ghs/a7fa931c-34c8-49c2-a0c7-2c588a6b25a9/70a55209-1078-4382-b4aa-f8a1fb92e9c0.jpeg?h=225&w=225,Food Cupboard,Biscuits & Cereal Bars
312993176,Border Assorted Biscuits Snack Packs 10 Pack 260g,£3.75,£1.44/100g,,,False,,False,,,False,https://www.tesco.com/groceries/en-GB/products/312993176,https://digitalcontent.api.tesco.com/v2/media/ghs/385fc24a-61b0-4dc1-a5a1-9b54d133650c/1a1fa6dc-13b3-4d2e-a663-c509b22f7667_629871148.jpeg?h=225&w=225,Food Cupboard,Biscuits & Cereal Bars
315458345,Grenade White Chocolate Oreo Protein Bar 60g,£2.90,£4.83/100g,,,False,,False,,,False,https://www.tesco.com/groceries/en-GB/products/315458345,https://digitalcontent.api.tesco.com/v2/media/ghs/69e186cc-a73e-49ab-9212-75de59ebd815/cba19db2-2992-42cc-b419-5c20a81cd952_54850209.jpeg?h=225&w=225,Food Cupboard,Biscuits & Cereal Bars
316805057,"Tesco Finest Belgian Milk Chocolate, Caramel & Sea Salt Cookies 200g",£2.60,£1.30/100g,,,False,,False,,2,False,https://www.tesco.com/groceries/en-GB/products/316805057,https://digitalcontent.api.tesco.com/v2/media/ghs/dc41c153-eb3d-428d-8669-ea57975b8e1b/ce31afc4-87bf-4f06-8568-3161231bd287_242012894.jpeg?h=225&w=225,Food Cupboard,Biscuits & Cereal Bars
316659117,TREK Power Protein Bars - Lotus Biscoff 3 x 44g,£4.75,£3.60/100g,£3.75 Clubcard Price,(£2.84/100g),True,Offer valid for delivery from 26/03/2025 until 22/04/2025,False,,,False,https://www.tesco.com/groceries/en-GB/products/316659117,https://digitalcontent.api.tesco.com/v2/media/ghs/84404c04-a606-4e46-8f28-fc49262b90a2/70fd1ca7-ff97-41ed-bee8-43fb2267c9dc_317935209.jpeg?h=225&w=225,Food Cupboard,Biscuits & Cereal Bars
316639366,Trek Power Millionaire Shortbread Protein Bars 3 x 44g,£4.75,£3.60/100g,£3.75 Clubcard Price,(£2.84/100g),True,Offer valid for delivery from 26/03/2025 until 22/04/2025,False,,,False,https://www.tesco.com/groceries/en-GB/products/316639366,https://digitalcontent.api.tesco.com/v2/media/ghs/568e9c81-e4c0-42ad-ac36-848b2fa5ac43/3631cba7-edca-43a2-8fd2-3b1e432d04ff_1706504342.jpeg?h=225&w=225,Food Cupboard,Biscuits & Cereal Bars
320407704,Barebells Soft Protein Bar Banana Dream 55g,£2.70,£4.91/100g,,,False,,False,,,False,https://www.tesco.com/groceries/en-GB/products/320407704,https://digitalcontent.api.tesco.com/v2/media/ghs/69d4bec1-7c6b-4517-8593-6f9f2cf42015/71eb5705-35af-4988-b871-2281661b6a1d_1413433834.jpeg?h=225&w=225,Food Cupboard,Biscuits & Cereal Bars
314846613,Fox's Millionaires Cookies 180G,£2.35,£1.31/100g,,,False,,False,1.7,3,False,https://www.tesco.com/groceries/en-GB/products/314846613,https://digitalcontent.api.tesco.com/v2/media/ghs/787f3509-3168-4d23-a9f1-07bd179d8c75/02fd31c5-ca3f-4e66-9333-65eb8a621f35_243803024.jpeg?h=225&w=225,Food Cupboard,Biscuits & Cereal Bars
316662873,"Eat Natural Protein Bars - Maple Syrup, Pecans & Peanuts 3 Pack 40g",£2.60,£6.50/100g,,,False,,False,,,False,https://www.tesco.com/groceries/en-GB/products/316662873,https://digitalcontent.api.tesco.com/v2/media/ghs/4e0d2e67-351c-46c9-a599-67730072924f/19b4f2b7-55c2-4b46-89a9-0df2a7ad56a0_941689003.jpeg?h=225&w=225,Food Cupboard,Biscuits & Cereal Bars
316795387,Tim Tam Dark Chocolatey Biscuit Bars 9 Pieces 163g,£2.50,£1.53/100g,,,False,,False,,3,False,https://www.tesco.com/groceries/en-GB/products/316795387,https://digitalcontent.api.tesco.com/v2/media/ghs/ccc55b6b-d976-4231-8145-eeb13da7282b/4204a4ee-73f5-469d-8bc1-e3871cf45c8b_628546588.jpeg?h=225&w=225,Food Cupboard,Biscuits & Cereal Bars
316538318,Tim Tam Chewy Caramel Chocolatey Biscuit Bars 9 Pieces 175g,£2.50,£1.43/100g,,,False,,False,4.4,7,False,https://www.tesco.com/groceries/en-GB/products/316538318,https://digitalcontent.api.tesco.com/v2/media/ghs/0fb39014-58f8-4658-b314-15facb8acbb1/6e284bdd-a069-4023-8795-3f042edd7495_1449817877.jpeg?h=225&w=225,Food Cupboard,Biscuits & Cereal Bars
316793216,Tim Tam Original Chocolatey Biscuit Bars 9 Pieces 163g,£2.50,£1.53/100g,,,False,,False,3.6,12,False,https://www.tesco.com/groceries/en-GB/products/316793216,https://digitalcontent.api.tesco.com/v2/media/ghs/54b88e5a-4955-4ddf-af45-14b3078bbdf2/89e074dd-7f34-46f6-a595-de80098191c6_653751772.jpeg?h=225&w=225,Food Cupboard,Biscuits & Cereal Bars
316784976,Misfits Plant-Based Protein Bar - Brownie Batter 50g,£2.20,£4.40/100g,£1.75 Clubcard Price,(£3.50/100g),True,Offer valid for delivery from 02/04/2025 until 13/05/2025,False,,4,False,https://www.tesco.com/groceries/en-GB/products/316784976,https://digitalcontent.api.tesco.com/v2/media/ghs/408c2e76-45e8-4f0d-9417-8c943baeb665/2e01df50-c80c-45f3-82b9-70a7bdf67812_867322376.jpeg?h=225&w=225,Food Cupboard,Biscuits & Cereal Bars
316434470,Misfits Plant-Based Protein Bar - Peanut Butter Fudge 50g,£2.20,£4.40/100g,£1.75 Clubcard Price,(£3.50/100g),True,Offer valid for delivery from 02/04/2025 until 13/05/2025,False,4.3,6,False,https://www.tesco.com/groceries/en-GB/products/316434470,https://digitalcontent.api.tesco.com/v2/media/ghs/db59497d-6db9-4e6f-ad98-f99cb6d84fb2/a37337b8-786f-4893-a8dd-1ca446868bc9_1947588131.jpeg?h=225&w=225,Food Cupboard,Biscuits & Cereal Bars
316804361,Misfits Plant-Based Protein Bar - Cookie Dough 50g,£2.20,£4.40/100g,£1.75 Clubcard Price,(£3.50/100g),True,Offer valid for delivery from 02/04/2025 until 13/05/2025,False,,4,False,https://www.tesco.com/groceries/en-GB/products/316804361,https://digitalcontent.api.tesco.com/v2/media/ghs/ce4379d4-9d0f-4ead-a13f-3222b1ab1224/2a4a0563-d275-402f-b97a-084858be600a_964312456.jpeg?h=225&w=225,Food Cupboard,Biscuits & Cereal Bars
316807692,M&M's Minis Milk Chocolate Cookies 180g,£2.35,£1.31/100g,£1.35 Clubcard Price,(£0.75/100g),True,Offer valid for delivery from 26/03/2025 until 22/04/2025,False,4.6,37,False,https://www.tesco.com/groceries/en-GB/products/316807692,https://digitalcontent.api.tesco.com/v2/media/ghs/e69eadb7-6c8d-41d7-bd98-f42c96fb51d8/c8506d77-a320-4174-b13b-689094501832_1793404366.jpeg?h=225&w=225,Food Cupboard,Biscuits & Cereal Bars
316642321,Pick Up! Salted Caramel & Milk Chocolate Biscuit Bars 5 x 28g,£2.00,£1.43/100g,£1.35 Clubcard Price,(£0.96/100g),True,Offer valid for delivery from 26/03/2025 until 22/04/2025,False,,32,False,https://www.tesco.com/groceries/en-GB/products/316642321,https://digitalcontent.api.tesco.com/v2/media/ghs/e2808d6c-39b8-40e9-bcdf-72dacf4559c3/bb0086e3-c559-42bc-ba34-a045a8f3af08_818535531.jpeg?h=225&w=225,Food Cupboard,Biscuits & Cereal Bars
312350465,Fox's Fabulous Indulgent Centre Cookies - Triple Chocolate 160g,£2.40,£1.50/100g,£1.35 Clubcard Price,(£0.84/100g),True,Offer valid for delivery from 26/03/2025 until 22/04/2025,False,4.2,36,False,https://www.tesco.com/groceries/en-GB/products/312350465,https://digitalcontent.api.tesco.com/v2/media/ghs/2e6c7994-073c-40c0-8ed6-4673aed66ddd/7499f0b4-4de2-49bc-8d8d-b692433f2e47_1797851623.jpeg?h=225&w=225,Food Cupboard,Biscuits & Cereal Bars
293418922,Maryland Double Choc Cookies 200g,£1.50,£0.75/100g,90p Clubcard Price,(£0.45/100g),True,Offer valid for delivery from 26/03/2025 until 22/04/2025,False,,,False,https://www.tesco.com/groceries/en-GB/products/293418922,https://digitalcontent.api.tesco.com/v2/media/ghs/d1b3205e-0375-466f-847d-763ea859cc56/c139ef1e-4d48-4878-884a-50b2759231d7_2130263147.jpeg?h=225&w=225,Food Cupboard,Biscuits & Cereal Bars
314708645,McVitie's Jaffa Cakes Original Biscuits Twin Pack 220g,£2.50,£0.12/each,,,False,,False,4.7,155,False,https://www.tesco.com/groceries/en-GB/products/314708645,https://digitalcontent.api.tesco.com/v2/media/ghs/529d1562-7b60-4cb6-8b70-4e08e0c1e3f2/84d88397-66c1-406c-a5b1-bd22e6db1c8a_1290009887.jpeg?h=225&w=225,Food Cupboard,Biscuits & Cereal Bars
314700878,McVitie's The Original Jaffa Cakes Snack Packs 6 x 3 Pack,£2.50,£0.42/each,,,False,,False,4.7,155,False,https://www.tesco.com/groceries/en-GB/products/314700878,https://digitalcontent.api.tesco.com/v2/media/ghs/e75bb6af-c886-449c-b00f-301119ba8e5c/60734aa4-e81c-44f4-a473-cef103dc93fe_1024996130.jpeg?h=225&w=225,Food Cupboard,Biscuits & Cereal Bars
314590102,McVitie's Jaffa Cakes Original Biscuits Triple Pack 330g,£3.30,£0.10/each,£2.75 Clubcard Price,(£0.08/each),True,Offer valid for delivery from 26/03/2025 until 22/04/2025,False,4.7,155,False,https://www.tesco.com/groceries/en-GB/products/314590102,https://digitalcontent.api.tesco.com/v2/media/ghs/028e2cef-a9b6-4c4d-bcee-981e9cdb5cfd/767224f7-cd14-472e-a272-23e7f2a1e6c1_2096312862.jpeg?h=225&w=225,Food Cupboard,Biscuits & Cereal Bars
314706618,McVitie's Jaffa Cakes Original Biscuits 10 Pack 110g,£1.50,£0.15/each,95p Clubcard Price,(£0.10/each),True,Offer valid for delivery from 26/03/2025 until 22/04/2025,False,4.7,155,False,https://www.tesco.com/groceries/en-GB/products/314706618,https://digitalcontent.api.tesco.com/v2/media/ghs/f9e33570-6923-43f5-9ca0-e35d464d527e/96c7fb82-dad4-45cc-bf50-53dbc2b769ad_323097092.jpeg?h=225&w=225,Food Cupboard,Biscuits & Cereal Bars
314846573,McVitie's Jaffa Cakes - Raspberry Flavour 10 Pack 110g,£1.50,£0.15/each,95p Clubcard Price,(£0.10/each),True,Offer valid for delivery from 26/03/2025 until 22/04/2025,False,4.7,46,False,https://www.tesco.com/groceries/en-GB/products/314846573,https://digitalcontent.api.tesco.com/v2/media/ghs/e4b80c9c-74ec-4bc1-8457-583e0e842925/899bb71d-8eae-4075-859d-de8fd5bcde6c_980538238.jpeg?h=225&w=225,Food Cupboard,Biscuits & Cereal Bars
305829256,Jack's Portuguese Custard Tart,£0.50,£0.50/each,,,False,,False,,,False,https://www.tesco.com/groceries/en-GB/products/305829256,https://digitalcontent.api.tesco.com/v2/media/ghs/6a4fdc57-df74-4bb5-86f2-1d0341a533d9/snapshotimagehandler_1883852451.jpeg?h=225&w=225,Food Cupboard,Biscuits & Cereal Bars
311217127,Organix Summer Fruits Rice Cake Clouds 40G,£1.60,£40.00/kg,,,False,,False,4.9,22,True,https://www.tesco.com/groceries/en-GB/products/311217127,https://digitalcontent.api.tesco.com/v2/media/ghs/6baaf1ac-a282-46aa-aa18-a88531bfe22a/5161f4e8-869d-4409-b985-8ea2b5699368_1868770515.jpeg?h=225&w=225,Food Cupboard,Crackers & Crispbreads
311278800,Organix Apple Rice Cake Clouds 40G,£1.60,£40.00/kg,,,False,,False,4.9,23,True,https://www.tesco.com/groceries/en-GB/products/311278800,https://digitalcontent.api.tesco.com/v2/media/ghs/ec6b25d4-1a54-4257-8249-b7cd1ca18d75/042757d0-ffa5-4646-9aef-ceba52937800_1906327497.jpeg?h=225&w=225,Food Cupboard,Crackers & Crispbreads
297544472,Jacob's Biscuits for Cheese 8 Variety Cracker Selection 300g,£4.00,£1.33/100g,£3.00 Save 25% Clubcard Price,(£1.00/100g),True,Offer valid for delivery from 26/02/2025 until 22/04/2025,False,,53,False,https://www.tesco.com/groceries/en-GB/products/297544472,https://digitalcontent.api.tesco.com/v2/media/ghs/84fada56-4c08-4ed7-88b2-109439c49b12/69235a83-6eb3-463f-90d8-20129fa7bd01_839933964.jpeg?h=225&w=225,Food Cupboard,Crackers & Crispbreads
252476845,Kallo Organic Belgian Milk Chocolate Rice Cake Thins 90g,£3.00,£3.33/100g,,,False,,False,4.8,57,False,https://www.tesco.com/groceries/en-GB/products/252476845,https://digitalcontent.api.tesco.com/v2/media/ghs/2cd4f8cf-8de9-4f75-a3ba-2037643de7b6/2ea1191f-6be8-409c-8e85-c64ba66e23e0_1477700050.jpeg?h=225&w=225,Food Cupboard,Crackers & Crispbreads
309190462,Tesco Breadstick Selection 120G,£1.85,£1.54/100g,,,False,,False,4.7,19,False,https://www.tesco.com/groceries/en-GB/products/309190462,https://digitalcontent.api.tesco.com/v2/media/ghs/c8e08294-9d4a-4646-8d01-cc912965687e/6c116e8d-83a5-4260-9ef6-32cca7fb3eb8_1368951361.jpeg?h=225&w=225,Food Cupboard,Crackers & Crispbreads
254926368,Ryvita Crackerbread 200G,£2.00,£1.00/100g,,,False,,False,4.5,50,False,https://www.tesco.com/groceries/en-GB/products/254926368,https://digitalcontent.api.tesco.com/v2/media/ghs/ad8578db-147a-475d-a4a0-9c5c9fbc6b00/f36a75ff-eec9-4df0-9cf8-98e11f9f84b9_1522149549.jpeg?h=225&w=225,Food Cupboard,Crackers & Crispbreads
254926040,Tesco Biscuits For Cheese 500G,£3.85,£0.77/100g,,,False,,False,4.4,66,False,https://www.tesco.com/groceries/en-GB/products/254926040,https://digitalcontent.api.tesco.com/v2/media/ghs/a17b73cc-813f-46af-8dd5-06b8804cad23/9de19b99-f5f9-4b73-86c9-a3329ee875cf_971956408.jpeg?h=225&w=225,Food Cupboard,Crackers & Crispbreads
277731954,Crosta & Mollica Torinesi Breadsticks 120G,£1.60,£1.33/100g,,,False,,False,4.4,39,False,https://www.tesco.com/groceries/en-GB/products/277731954,https://digitalcontent.api.tesco.com/v2/media/ghs/cd21dbc2-8a6d-4828-9bb4-3d7e632555b0/a0b0a60c-531c-4677-b759-dd803a81489e_1226538944.jpeg?h=225&w=225,Food Cupboard,Crackers & Crispbreads
271768961,Nairns Fine Milled Oatcakes 250G,£1.45,£0.58/100g,,,False,,False,3.7,6,False,https://www.tesco.com/groceries/en-GB/products/271768961,https://digitalcontent.api.tesco.com/v2/media/ghs/c4cf1178-1b43-4651-b6ca-35bb30127e00/924baa13-05c8-4e06-b562-e97f2be50b2a_1752835451.jpeg?h=225&w=225,Food Cupboard,Crackers & Crispbreads
284384968,Tesco Free From Wholegrain Rice Cakes 130G,£1.50,£1.15/100g,,,False,,False,4.1,31,False,https://www.tesco.com/groceries/en-GB/products/284384968,https://digitalcontent.api.tesco.com/v2/media/ghs/81c8093a-8c05-4d18-b165-8b41b5c5a6a3/942c3df3-bdd3-4de4-a744-ebabb41fcbe4_126460930.jpeg?h=225&w=225,Food Cupboard,Crackers & Crispbreads
254925496,Jacob's TUC Sandwich Snack Crackers 150G,£1.70,£1.13/100g,,,False,,False,4.5,334,False,https://www.tesco.com/groceries/en-GB/products/254925496,https://digitalcontent.api.tesco.com/v2/media/ghs/51a1ed11-8082-4a6c-8373-3bce0c0a3952/7ec766bf-8707-4d42-9b6a-071d83f0ac03_835973400.jpeg?h=225&w=225,Food Cupboard,Crackers & Crispbreads
272434652,Nairns Rough Oatcakes 291G,£1.45,£0.50/100g,,,False,,False,4.4,9,False,https://www.tesco.com/groceries/en-GB/products/272434652,https://digitalcontent.api.tesco.com/v2/media/ghs/aea83bbb-b004-45dd-8792-878b1196f605/c8d7f91e-cb5a-4b42-b76c-7f993a0d64c2_1336680222.jpeg?h=225&w=225,Food Cupboard,Crackers & Crispbreads
257998352,Tesco Finest Cracker Selection for Cheese 250g,£4.20,£1.68/100g,£3.00 Clubcard Price,(£1.20/100g),True,Offer valid for delivery from 26/03/2025 until 20/05/2025,False,4.1,70,False,https://www.tesco.com/groceries/en-GB/products/257998352,https://digitalcontent.api.tesco.com/v2/media/ghs/b31a2013-aa1d-446f-862b-0c3e193bce14/f9b2cc56-782f-4094-a396-557e8483c954_241510335.jpeg?h=225&w=225,Food Cupboard,Crackers & Crispbreads
254925087,Carr's Table Water Crackers 125g,£1.70,£1.36/100g,,,False,,False,4.4,36,False,https://www.tesco.com/groceries/en-GB/products/254925087,https://digitalcontent.api.tesco.com/v2/media/ghs/11a164b7-65f7-4ade-b418-33640a6392df/2590e270-12a7-479f-a5b8-8cf1edff810b_1570882670.jpeg?h=225&w=225,Food Cupboard,Crackers & Crispbreads
254592139,Pagen Wholegrain Krisprolls 225G,£1.80,£0.80/100g,,,False,,False,4.2,18,False,https://www.tesco.com/groceries/en-GB/products/254592139,https://digitalcontent.api.tesco.com/v2/media/ghs/003cb99d-2ca0-4027-9223-a8a044ab9fff/7b7f3255-3abb-4caf-b1cb-de706269803a_124182018.jpeg?h=225&w=225,Food Cupboard,Crackers & Crispbreads
311668961,Van Der Meulen Melba Original Thins 100G,£1.35,£1.35/100g,,,False,,False,3.9,9,False,https://www.tesco.com/groceries/en-GB/products/311668961,https://digitalcontent.api.tesco.com/v2/media/ghs/e365603a-4f38-41ee-b735-5344f1395a6e/c92040b5-08fb-4836-8fa7-117415de9d8d_823686276.jpeg?h=225&w=225,Food Cupboard,Crackers & Crispbreads
272651665,Tesco Mini Breadsticks 6 Pack 120g,£1.25,£1.04/100g,,,False,,False,4.8,58,False,https://www.tesco.com/groceries/en-GB/products/272651665,https://digitalcontent.api.tesco.com/v2/media/ghs/3d930596-bb49-49e8-954b-6ea45933d96a/b04e0a00-8c88-4d0e-b87e-81d4b2b12bda.jpeg?h=225&w=225,Food Cupboard,Crackers & Crispbreads
254925029,Jacob's Original Cream Crackers 300g,£1.60,£0.53/100g,,,False,,False,4.3,116,False,https://www.tesco.com/groceries/en-GB/products/254925029,https://digitalcontent.api.tesco.com/v2/media/ghs/9bffe238-2e5a-49a1-88f4-e94374fc6f4f/2210276e-c6bf-4efd-80d1-1fc1dc471616_1569467731.jpeg?h=225&w=225,Food Cupboard,Crackers & Crispbreads
259469618,Nairn's Cheese Oatcakes 200g,£1.60,£0.80/100g,,,False,,False,4.9,22,False,https://www.tesco.com/groceries/en-GB/products/259469618,https://digitalcontent.api.tesco.com/v2/media/ghs/d3aece13-565f-4be8-bc81-b1cb78d37861/65054b15-aa63-4b53-ad35-9a5ffda2f50a_1489164028.jpeg?h=225&w=225,Food Cupboard,Crackers & Crispbreads
256001031,Ryvita Dark Rye Crisp Bread 250G,£1.60,£0.64/100g,,,False,,False,3.6,69,False,https://www.tesco.com/groceries/en-GB/products/256001031,https://digitalcontent.api.tesco.com/v2/media/ghs/91bb34b0-c28e-4549-8f21-3653339c38b0/e20a09ab-ed10-45ef-8efb-a0acd7009c82_2092506151.jpeg?h=225&w=225,Food Cupboard,Crackers & Crispbreads
256001296,Ryvita Original Crisp Bread 250G,£1.60,£0.64/100g,,,False,,False,4.1,45,False,https://www.tesco.com/groceries/en-GB/products/256001296,https://digitalcontent.api.tesco.com/v2/media/ghs/5180f8e8-e1ac-40b9-b102-ac425d9afdf9/c86380ea-d433-4eee-9a14-3f3a33fd4c01_1480995565.jpeg?h=225&w=225,Food Cupboard,Crackers & Crispbreads
312207953,Tesco Finest All Butter Cheese Straws 100G,£2.10,£2.10/100g,,,False,,False,2.2,33,False,https://www.tesco.com/groceries/en-GB/products/312207953,https://digitalcontent.api.tesco.com/v2/media/ghs/767213cb-2c04-40a9-a686-1e5d2447638f/821f3989-0368-4611-b474-4eb8007d8b7d_1509182869.jpeg?h=225&w=225,Food Cupboard,Crackers & Crispbreads
251969609,Carr's Melts Cheese Crackers 150g,£2.00,£1.33/100g,£1.50 Save 25% Clubcard Price,(£1.00/100g),True,Offer valid for delivery from 26/03/2025 until 22/04/2025,False,4.2,22,False,https://www.tesco.com/groceries/en-GB/products/251969609,https://digitalcontent.api.tesco.com/v2/media/ghs/02b91bfc-2fa6-40e3-a775-3986b5b88eda/414bd1b7-6635-40a8-8256-3888db2f84c0_33820800.jpeg?h=225&w=225,Food Cupboard,Crackers & Crispbreads
294971903,Tesco Sea Salt Crackers 185G,£1.30,£0.70/100g,,,False,,False,3.9,47,False,https://www.tesco.com/groceries/en-GB/products/294971903,https://digitalcontent.api.tesco.com/v2/media/ghs/34f1ba91-b33f-473d-8122-f04bf72ee35b/6745c501-1f7e-48f6-af14-96b8c3ea86e0_533496263.jpeg?h=225&w=225,Food Cupboard,Crackers & Crispbreads
276879764,Tesco Multigrain Cracker 170G,£1.30,£0.76/100g,,,False,,False,4.4,53,False,https://www.tesco.com/groceries/en-GB/products/276879764,https://digitalcontent.api.tesco.com/v2/media/ghs/8be66de8-e014-4c40-8be2-5819d9e0ab8c/4d2e3adb-40d3-481f-943b-cce41df7dc37_970516272.jpeg?h=225&w=225,Food Cupboard,Crackers & Crispbreads
251085128,Kallo Organic Lightly Salted Wholegrain Rice Cake 130G,£1.60,£1.23/100g,£1.25 Clubcard Price,(£0.96/100g),True,Offer valid for delivery from 26/03/2025 until 22/04/2025,False,3.1,14,False,https://www.tesco.com/groceries/en-GB/products/251085128,https://digitalcontent.api.tesco.com/v2/media/ghs/c89917c2-7326-44af-a4d8-8c5173ba95f2/af4a453f-8a72-46fd-a806-51d2a5542c04_39396593.jpeg?h=225&w=225,Food Cupboard,Crackers & Crispbreads
276885451,Tesco Wheat Cracker 170G,£1.30,£0.76/100g,,,False,,False,4.7,46,False,https://www.tesco.com/groceries/en-GB/products/276885451,https://digitalcontent.api.tesco.com/v2/media/ghs/2a7a340c-edf3-4917-9471-a6706d845046/0b76b9d6-a1c0-4cde-98a1-6e7fee24f061_878542680.jpeg?h=225&w=225,Food Cupboard,Crackers & Crispbreads
272600185,Kallo Lightly Salted Low Fat Corn Cakes 130g,£1.40,£1.08/100g,£1.25 Clubcard Price,(£0.96/100g),True,Offer valid for delivery from 26/03/2025 until 22/04/2025,False,3.5,13,False,https://www.tesco.com/groceries/en-GB/products/272600185,https://digitalcontent.api.tesco.com/v2/media/ghs/3b2dc098-67b8-455f-ba57-31f52a3a1556/747b17c6-fa96-4541-92d1-3d174ae9f067_1051108903.jpeg?h=225&w=225,Food Cupboard,Crackers & Crispbreads
254925202,Jacob's TUC Original Snack Crackers 150G,£1.45,£0.97/100g,£1.00 Clubcard Price,(£0.67/100g),True,Offer valid for delivery from 26/03/2025 until 22/04/2025,False,4.5,326,False,https://www.tesco.com/groceries/en-GB/products/254925202,https://digitalcontent.api.tesco.com/v2/media/ghs/039f0cfd-c742-41fa-ac51-1881754fb5f0/368cf8a4-4963-4b56-9d9a-7abe760bcfdc_494395638.jpeg?h=225&w=225,Food Cupboard,Crackers & Crispbreads
305973297,Tesco Rice Cakes Milk Chocolate 105G,£1.55,£1.48/100g,,,False,,False,4.5,62,False,https://www.tesco.com/groceries/en-GB/products/305973297,https://digitalcontent.api.tesco.com/v2/media/ghs/4cb305f6-bc99-41b2-8527-d1f632e241e7/b0ba8e86-885f-4de5-900c-fdfe96612e79_80897162.jpeg?h=225&w=225,Food Cupboard,Crackers & Crispbreads
254922706,Jacob's Hovis Digestives Biscuits 250G,£1.50,£0.60/100g,,,False,,False,4.5,62,False,https://www.tesco.com/groceries/en-GB/products/254922706,https://digitalcontent.api.tesco.com/v2/media/ghs/97e19b4d-d790-459b-9e5b-f4ff9c701566/2e9d17db-eb4e-42e1-9140-279500037ded_855739024.jpeg?h=225&w=225,Food Cupboard,Crackers & Crispbreads
254925467,Jacob's Baked Cheddars Cheese Crackers 150g,£1.50,£1.00/100g,£1.00 Save 1/3 Clubcard Price,(£0.67/100g),True,Offer valid for delivery from 26/03/2025 until 22/04/2025,False,3.9,66,False,https://www.tesco.com/groceries/en-GB/products/254925467,https://digitalcontent.api.tesco.com/v2/media/ghs/5b3217b5-8d23-4635-b7f0-6020a64319c9/cc826970-9d92-4af4-b836-902cf3606ff6_130511844.jpeg?h=225&w=225,Food Cupboard,Crackers & Crispbreads
251373824,Tesco Scottish Rough Oatcakes 250G,£1.05,£0.42/100g,,,False,,False,,46,False,https://www.tesco.com/groceries/en-GB/products/251373824,https://digitalcontent.api.tesco.com/v2/media/ghs/46ce75da-147d-4529-b28b-2555d7f546b9/b5bcd918-29d1-4975-826c-9acc9d75f2e4_1246136608.jpeg?h=225&w=225,Food Cupboard,Crackers & Crispbreads
254925058,Tesco High Baked Water Biscuits 200G,£1.20,£0.60/100g,,,False,,False,,69,False,https://www.tesco.com/groceries/en-GB/products/254925058,https://digitalcontent.api.tesco.com/v2/media/ghs/d7840190-cfe7-4118-aba3-4d87f12965ee/4ca1b545-21f4-41a4-8433-f3bdf2faccb8_261331638.jpeg?h=225&w=225,Food Cupboard,Crackers & Crispbreads
250137778,Real Foods Original Corn Thins 150G,£1.40,£0.93/100g,£1.20 Clubcard Price,(£0.80/100g),True,Offer valid for delivery from 26/03/2025 until 22/04/2025,False,4.3,14,False,https://www.tesco.com/groceries/en-GB/products/250137778,https://digitalcontent.api.tesco.com/v2/media/ghs/ffdf1cdf-81b2-41c7-ab39-355444da25ce/07b8814a-75fb-4d50-9202-2442154a8b6f_922331476.jpeg?h=225&w=225,Food Cupboard,Crackers & Crispbreads
306801045,Tesco Lightly Salted Rice Cakes 130G,£0.85,£0.65/100g,,,False,,False,4.3,62,False,https://www.tesco.com/groceries/en-GB/products/306801045,https://digitalcontent.api.tesco.com/v2/media/ghs/4c9a2e10-8134-4769-8740-334484d59afd/a36406fb-ae35-4b11-8ac8-701d358c1967_2023091745.jpeg?h=225&w=225,Food Cupboard,Crackers & Crispbreads
287733661,Snack Organisation Crackers Lightly Salted 100G,£1.00,£1.00/100g,90p Clubcard Price,(£0.90/100g),True,Offer valid for delivery from 26/03/2025 until 20/05/2025,False,4.8,12,False,https://www.tesco.com/groceries/en-GB/products/287733661,https://digitalcontent.api.tesco.com/v2/media/ghs/75acb160-cc9f-40f1-944b-d99d6ab7bb7e/bb063285-f34e-433a-b869-011a267e9bf1_1196927253.jpeg?h=225&w=225,Food Cupboard,Crackers & Crispbreads
287733802,Snack Organisation Sweet Chilli Cracker 100G,£1.00,£1.00/100g,90p Clubcard Price,(£0.90/100g),True,Offer valid for delivery from 26/03/2025 until 20/05/2025,False,4.8,26,False,https://www.tesco.com/groceries/en-GB/products/287733802,https://digitalcontent.api.tesco.com/v2/media/ghs/27a9bb9f-a394-4bd6-92f0-d660eb8fa2f3/c972cff4-5f43-496f-97f9-93b89d02c192_867044457.jpeg?h=225&w=225,Food Cupboard,Crackers & Crispbreads
258083897,Tesco Original Breadsticks 125G,£0.55,£0.44/100g,,,False,,False,4.5,48,False,https://www.tesco.com/groceries/en-GB/products/258083897,https://digitalcontent.api.tesco.com/v2/media/ghs/c88c4b52-746f-4931-9923-f7d2de383868/0cd92a52-c607-4cf4-a6cd-09694787d94c_1894491119.jpeg?h=225&w=225,Food Cupboard,Crackers & Crispbreads
265940149,Tesco Sesame Breadsticks 125,£0.55,£0.44/100g,,,False,,False,4.1,47,False,https://www.tesco.com/groceries/en-GB/products/265940149,https://digitalcontent.api.tesco.com/v2/media/ghs/a2817f1d-79eb-46c3-a268-9cdacb89ee9a/03577e43-5433-43e5-a9dd-b8545b4962f8_219473834.jpeg?h=225&w=225,Food Cupboard,Crackers & Crispbreads
309175544,Tesco Salt & Vinegar Rice Cakes 130G,£0.85,£0.65/100g,,,False,,False,4.2,49,False,https://www.tesco.com/groceries/en-GB/products/309175544,https://digitalcontent.api.tesco.com/v2/media/ghs/43a5b271-df0c-45b5-a673-edd88aa5df8c/7f9e1542-3fc3-438a-84b7-8d0ca3a44f1b_1450890878.jpeg?h=225&w=225,Food Cupboard,Crackers & Crispbreads
256487388,Tesco Cheese Twists 125G,£0.85,£0.68/100g,,,False,,False,3.2,86,False,https://www.tesco.com/groceries/en-GB/products/256487388,https://digitalcontent.api.tesco.com/v2/media/ghs/ece8c1a0-1bb3-4544-ac5c-66e844e14932/db5b50f0-593a-443a-839d-c9611af78ca9_1771136655.jpeg?h=225&w=225,Food Cupboard,Crackers & Crispbreads
312109234,Jacob's Krackawheat Crackers 230g,£2.10,£0.91/100g,,,False,,False,3.1,156,False,https://www.tesco.com/groceries/en-GB/products/312109234,https://digitalcontent.api.tesco.com/v2/media/ghs/201b41ce-3168-45db-bbdf-b670a55951a5/788ace02-21e1-4f73-a18e-bc920d8b64a2_1482024946.jpeg?h=225&w=225,Food Cupboard,Crackers & Crispbreads
311214600,Organix Apple Rice Cake Clouds 4 Pack 72G,£2.80,£38.89/kg,,,False,,False,4.8,24,False,https://www.tesco.com/groceries/en-GB/products/311214600,https://digitalcontent.api.tesco.com/v2/media/ghs/b6a0ead2-e9ba-4af4-b3c5-3b1d65ddd8c5/369faab2-e555-40ba-9799-2adfbddd0b44_1647409277.jpeg?h=225&w=225,Food Cupboard,Crackers & Crispbreads
254925277,Jacob's Cornish Wafers Crackers 150g,£1.70,£1.13/100g,,,False,,False,4.5,64,False,https://www.tesco.com/groceries/en-GB/products/254925277,https://digitalcontent.api.tesco.com/v2/media/ghs/604b49e1-b341-4964-894b-b11f0f5a61f2/cfb69fc8-2dd2-49da-b4bd-6487d96226c0_1127202634.jpeg?h=225&w=225,Food Cupboard,Crackers & Crispbreads
260391973,Dr. Karg's Organic Crispbread - Emmental Cheese & Pumpkin Seed 200g,£2.50,£1.25/100g,,,False,,False,4.3,28,False,https://www.tesco.com/groceries/en-GB/products/260391973,https://digitalcontent.api.tesco.com/v2/media/ghs/97bb9486-da46-400f-9975-a9fc4edcfde8/05bf4696-16ee-4f62-b87a-ae8c822e7a8c_1540521640.jpeg?h=225&w=225,Food Cupboard,Crackers & Crispbreads
310180473,Kallo Beetroot Veggie Cakes 122g,£2.75,£2.25/100g,,,False,,False,4.6,81,False,https://www.tesco.com/groceries/en-GB/products/310180473,https://digitalcontent.api.tesco.com/v2/media/ghs/38ca9baf-3173-4c6e-b5c7-883a6d14952e/a5eb9a22-6902-4eeb-9fff-c43c0cc95b61_625228137.jpeg?h=225&w=225,Food Cupboard,Crackers & Crispbreads
263232582,Ryvita Wholegrain Crackerbread 125g,£2.00,£1.60/100g,,,False,,False,,29,False,https://www.tesco.com/groceries/en-GB/products/263232582,https://digitalcontent.api.tesco.com/v2/media/ghs/d1e45be7-2219-4c32-8c10-f3a0345f3082/96147f9c-0729-41e1-abe3-bf8e26d2a899_1707634950.jpeg?h=225&w=225,Food Cupboard,Crackers & Crispbreads
311779708,Snack a Jacks Sour Cream & Chive Jumbo Rice Cakes 117g,£2.25,£1.92/100g,,,False,,False,3.2,6,False,https://www.tesco.com/groceries/en-GB/products/311779708,https://digitalcontent.api.tesco.com/v2/media/ghs/d4b964f0-f927-4dec-b94a-5b25218ec8fe/a581c10e-18bd-4e4a-8e5a-9b2a8c0937ca_401829909.jpeg?h=225&w=225,Food Cupboard,Crackers & Crispbreads
259031923,Jacob's High Fibre Cream Crackers 200g,£1.70,£0.85/100g,,,False,,False,4.6,64,False,https://www.tesco.com/groceries/en-GB/products/259031923,https://digitalcontent.api.tesco.com/v2/media/ghs/eeef7498-0c68-4ccd-bb66-8722156aff76/8c78c189-ed88-4769-9f22-d190ef79d0f0_2140176628.jpeg?h=225&w=225,Food Cupboard,Crackers & Crispbreads
308828886,Tesco Yogurt Coated Rice Cakes 105G,£1.55,£1.48/100g,,,False,,False,4.6,63,False,https://www.tesco.com/groceries/en-GB/products/308828886,https://digitalcontent.api.tesco.com/v2/media/ghs/bb9b38a9-5116-457e-8247-21a6c672fec8/15b6ea33-51c9-4294-9cfd-ac23a0618c56_645585579.jpeg?h=225&w=225,Food Cupboard,Crackers & Crispbreads
301012186,Kallo Protein Lentil Cakes 100G,£2.25,£2.25/100g,,,False,,False,4.3,47,False,https://www.tesco.com/groceries/en-GB/products/301012186,https://digitalcontent.api.tesco.com/v2/media/ghs/ac74c707-c6f1-4e47-a61c-bbdc70a1d1d5/faac233a-c9ad-430d-a761-22695e16cbe1_1345899813.jpeg?h=225&w=225,Food Cupboard,Crackers & Crispbreads
310179458,Tesco Finest Parmesan & Garlic Twists 100G,£2.10,£2.10/100g,,,False,,False,4.6,64,False,https://www.tesco.com/groceries/en-GB/products/310179458,https://digitalcontent.api.tesco.com/v2/media/ghs/8e1686d9-26bf-4772-8e75-9d7c4ef264e2/8633d966-42db-41b4-8e19-e6973c2cfe18_1605111609.jpeg?h=225&w=225,Food Cupboard,Crackers & Crispbreads
264902491,Jacob's Cream Cracker Multipack 8 Snack Packs 185g,£2.00,£1.04/100g,,,False,,False,4.8,52,False,https://www.tesco.com/groceries/en-GB/products/264902491,https://digitalcontent.api.tesco.com/v2/media/ghs/cd97c1b2-6b3b-4191-9fa7-05e399c940b2/2d14f55b-c0a8-4dcf-94da-6c54e4f1818c_1690486322.jpeg?h=225&w=225,Food Cupboard,Crackers & Crispbreads
307743519,Jacob's Original Cream Crackers Twin pack 2x300g,£2.50,£0.42/100g,,,False,,False,4.8,52,False,https://www.tesco.com/groceries/en-GB/products/307743519,https://digitalcontent.api.tesco.com/v2/media/ghs/d6f8567a-3b61-4499-b558-05209adcc407/01a6ba02-4661-4aeb-a3d9-8f7e331b1fe2_1932940845.jpeg?h=225&w=225,Food Cupboard,Crackers & Crispbreads
295059295,Nairn's Fruit & Seed Oatcakes 225g,£1.60,£0.71/100g,,,False,,False,4.8,12,False,https://www.tesco.com/groceries/en-GB/products/295059295,https://digitalcontent.api.tesco.com/v2/media/ghs/0ae521f2-9dd6-4ac7-93db-64e3c7e014f6/21b96483-c657-4349-8a05-01c63d2d9120_2144079769.jpeg?h=225&w=225,Food Cupboard,Crackers & Crispbreads
290089232,Nairn's Super Seeded Oatcakes 200G,£1.60,£0.80/100g,,,False,,False,4.3,15,False,https://www.tesco.com/groceries/en-GB/products/290089232,https://digitalcontent.api.tesco.com/v2/media/ghs/2686e0fb-7246-46ea-b774-df783845dd92/48fc1674-3a0e-4aca-addb-924559830434_460477680.jpeg?h=225&w=225,Food Cupboard,Crackers & Crispbreads
311263967,Organix Strawberry Rice Clouds 40G,£1.60,£40.00/kg,,,False,,False,,15,False,https://www.tesco.com/groceries/en-GB/products/311263967,https://digitalcontent.api.tesco.com/v2/media/ghs/c0743996-d8e7-4775-86b8-b19e5a067486/1a27cd91-04b2-46b4-afe0-1eed3759bcc0_377682759.jpeg?h=225&w=225,Food Cupboard,Crackers & Crispbreads
311205070,Organix Banana Rice Cake Clouds 40G,£1.60,£40.00/kg,,,False,,False,4.9,22,False,https://www.tesco.com/groceries/en-GB/products/311205070,https://digitalcontent.api.tesco.com/v2/media/ghs/1529fcca-412c-49c3-bde5-d919c4b390cc/220f43c9-317b-4bbd-83eb-82075298f765_551185737.jpeg?h=225&w=225,Food Cupboard,Crackers & Crispbreads
254926506,Finn Crisp Original Slims 200G,£1.40,£0.70/100g,,,False,,False,4.5,19,False,https://www.tesco.com/groceries/en-GB/products/254926506,https://digitalcontent.api.tesco.com/v2/media/ghs/04fa0220-6dba-4bce-8a86-f20947e39d12/0264cec2-89a1-4a93-bc48-9121f7c23379_2050488320.jpeg?h=225&w=225,Food Cupboard,Crackers & Crispbreads
301011740,Crosta & Mollica Tarallini Fennel Seed 170G,£1.90,£1.12/100g,£1.60 Clubcard Price,(£0.94/100g),True,Offer valid for delivery from 26/03/2025 until 22/04/2025,False,4.4,31,False,https://www.tesco.com/groceries/en-GB/products/301011740,https://digitalcontent.api.tesco.com/v2/media/ghs/337f3532-010d-4268-bf68-ddb88d5ef74b/793a1a29-8b10-4534-a1f6-f23dc1b32e1f_1938953822.jpeg?h=225&w=225,Food Cupboard,Crackers & Crispbreads
251107559,Ryvita Multigrain Rye Bread 250G,£1.60,£0.64/100g,,,False,,False,4.1,39,False,https://www.tesco.com/groceries/en-GB/products/251107559,https://digitalcontent.api.tesco.com/v2/media/ghs/e32140a7-70c5-484c-ba75-1f09d0f35441/12c0ef6b-20f8-41ab-bc09-f957d2ee3046_365400515.jpeg?h=225&w=225,Food Cupboard,Crackers & Crispbreads
254926420,Ryvita Sesame Crispbread 250g,£1.60,£0.64/100g,,,False,,False,3.8,71,False,https://www.tesco.com/groceries/en-GB/products/254926420,https://digitalcontent.api.tesco.com/v2/media/ghs/028509f2-3bd6-4c74-b23a-f948d1f0b8a1/daf66c1d-a7ff-43a7-a9ab-11ccbc744b69_1901276688.jpeg?h=225&w=225,Food Cupboard,Crackers & Crispbreads
268890894,Schar Crispbread 150g,£1.50,£1.00/100g,,,False,,False,4.1,24,False,https://www.tesco.com/groceries/en-GB/products/268890894,https://digitalcontent.api.tesco.com/v2/media/ghs/4f811c96-0145-48c5-8ee1-d95793361362/029bc427-d8af-4a9f-bbbd-a942436dc312_1948817347.jpeg?h=225&w=225,Food Cupboard,Crackers & Crispbreads
254925346,Tesco Poppy & Sesame Thins 150g,£1.20,£0.80/100g,,,False,,False,4.2,43,False,https://www.tesco.com/groceries/en-GB/products/254925346,https://digitalcontent.api.tesco.com/v2/media/ghs/03d30b24-80d5-433e-afa2-04fffa12280a/a20bde20-308f-417b-b561-75e50a3b6652_1333440732.jpeg?h=225&w=225,Food Cupboard,Crackers & Crispbreads
312355431,Tesco Finest Gouda & Edam Crispies 90G,£1.80,£2.00/100g,,,False,,False,,52,False,https://www.tesco.com/groceries/en-GB/products/312355431,https://digitalcontent.api.tesco.com/v2/media/ghs/fdd69de5-9f35-4ddb-9041-11341e1dc1c5/3dc89992-048d-47c8-9209-35f48f5e0f71_1981072349.jpeg?h=225&w=225,Food Cupboard,Crackers & Crispbreads
266291362,Tesco French Toast 200G,£1.35,£0.68/100g,,,False,,False,,45,False,https://www.tesco.com/groceries/en-GB/products/266291362,https://digitalcontent.api.tesco.com/v2/media/ghs/a704c021-4f91-458e-b535-76bc832c052d/739d049c-5235-4b82-9023-fc3fb29faeea_64324135.jpeg?h=225&w=225,Food Cupboard,Crackers & Crispbreads
259876597,Stockan's Thick Oatcakes 200G (L),£1.15,£0.58/100g,,,False,,False,3.9,21,False,https://www.tesco.com/groceries/en-GB/products/259876597,https://digitalcontent.api.tesco.com/v2/media/ghs/f8178306-5ff9-4bda-88d2-ccc98c5c8d59/a9f9447d-cd18-4056-be6b-536c902c653e_1868913529.jpeg?h=225&w=225,Food Cupboard,Crackers & Crispbreads
299610327,Marmite Rice Cakes 110G,£2.00,£1.82/100g,,,False,,False,4.5,30,False,https://www.tesco.com/groceries/en-GB/products/299610327,https://digitalcontent.api.tesco.com/v2/media/ghs/7523962b-a56a-4cdb-869f-44db1d912e5b/e2d3afdd-f88d-4e24-bf34-64bc2a63e99d_635150528.jpeg?h=225&w=225,Food Cupboard,Crackers & Crispbreads
263831587,Ryvita Multiseed Thins 125G,£2.20,£1.76/100g,£1.25 Clubcard Price,(£1.00/100g),True,Offer valid for delivery from 26/03/2025 until 22/04/2025,False,4.3,33,False,https://www.tesco.com/groceries/en-GB/products/263831587,https://digitalcontent.api.tesco.com/v2/media/ghs/55c042ab-180c-4ca3-9cad-45f2d9f76550/ea26a9e9-0b73-4eee-b95b-c4e16c7daa8a_1761426256.jpeg?h=225&w=225,Food Cupboard,Crackers & Crispbreads
290772235,Rakusens Traditional Matzos 200G,£1.45,£0.72/100g,,,False,,False,4.1,14,False,https://www.tesco.com/groceries/en-GB/products/290772235,https://digitalcontent.api.tesco.com/v2/media/ghs/e6922aff-a710-4b84-8722-30c8494584dc/d31fb22b-b9c9-4331-8d42-9ad052a74c8b_1775565532.jpeg?h=225&w=225,Food Cupboard,Crackers & Crispbreads
266319153,RYVITA Cracked Black Pepper Crispbread 200g,£2.00,£1.00/100g,£1.25 Clubcard Price,(£0.63/100g),True,Offer valid for delivery from 26/02/2025 until 22/04/2025,False,4.2,16,False,https://www.tesco.com/groceries/en-GB/products/266319153,https://digitalcontent.api.tesco.com/v2/media/ghs/457cd8f4-ae9f-4be2-85e2-8c6940d61ca5/3ce2ebf1-62d1-4dbd-95c5-47d1682f8ba6_53784370.jpeg?h=225&w=225,Food Cupboard,Crackers & Crispbreads
255269055,Ryvita Pumpkin Seed & Oat Crisp Bread 200G,,,£1.25 Clubcard Price,(£0.63/100g),True,Offer valid for delivery from 26/02/2025 until 22/04/2025,False,4.1,22,False,https://www.tesco.com/groceries/en-GB/products/255269055,https://digitalcontent.api.tesco.com/v2/media/ghs/98c34435-e352-4715-9583-1f0dae816a09/9b15e358-f6c3-46a2-b32a-d1277ce31385_483561566.jpeg?h=225&w=225,Food Cupboard,Crackers & Crispbreads
261212413,Ryvita Fruit Crunch Crisp Bread 200G,£2.00,£1.00/100g,£1.25 Clubcard Price,(£0.63/100g),True,Offer valid for delivery from 26/02/2025 until 22/04/2025,False,4.3,46,False,https://www.tesco.com/groceries/en-GB/products/261212413,https://digitalcontent.api.tesco.com/v2/media/ghs/12e6dac8-5f56-4aff-b15a-722d49cb5d56/a5bc8c52-32a7-4eed-b87a-85b5633e35bf_1210787108.jpeg?h=225&w=225,Food Cupboard,Crackers & Crispbreads
313182299,Bakery Delights Crisp Bakes 125G,£1.15,£0.92/100g,,,False,,False,4.1,17,False,https://www.tesco.com/groceries/en-GB/products/313182299,https://digitalcontent.api.tesco.com/v2/media/ghs/5e8dc564-90b0-4e38-bb84-ddc70c9390a4/75338bf3-d5e7-48bb-b0c2-a686bee86327_2123542008.jpeg?h=225&w=225,Food Cupboard,Crackers & Crispbreads
266318914,Ryvita Thins Sweet Chilli 125G,£2.20,£1.76/100g,£1.25 Clubcard Price,(£1.00/100g),True,Offer valid for delivery from 26/03/2025 until 22/04/2025,False,4.2,18,False,https://www.tesco.com/groceries/en-GB/products/266318914,https://digitalcontent.api.tesco.com/v2/media/ghs/406c141f-6e47-4eac-9ba6-d299b430a848/fc8e9186-238b-44f5-9b08-629abc339a5e_1083498102.jpeg?h=225&w=225,Food Cupboard,Crackers & Crispbreads
297544754,Ryvita 3 Cheese Thins 125G,£2.20,£1.76/100g,£1.25 Clubcard Price,(£1.00/100g),True,Offer valid for delivery from 26/03/2025 until 22/04/2025,False,4.1,44,False,https://www.tesco.com/groceries/en-GB/products/297544754,https://digitalcontent.api.tesco.com/v2/media/ghs/a8fc5245-5b2c-4445-a127-bc3e57a30902/f79eb205-45c1-495f-95eb-a1abe83f5b95_265776277.jpeg?h=225&w=225,Food Cupboard,Crackers & Crispbreads
301012324,Ryvita Thins Flatbreads - Rosemary & Sea Salt 125g,£2.20,£1.76/100g,£1.25 Clubcard Price,(£1.00/100g),True,Offer valid for delivery from 26/03/2025 until 22/04/2025,False,4.4,45,False,https://www.tesco.com/groceries/en-GB/products/301012324,https://digitalcontent.api.tesco.com/v2/media/ghs/fced2e7b-4790-4926-87c6-c8716cb5b9b7/c44e9dd0-4d45-4632-a999-d2936422c180_1563663365.jpeg?h=225&w=225,Food Cupboard,Crackers & Crispbreads
265201247,Tesco Cheese Thins 150G,£1.20,£0.80/100g,,,False,,False,4.5,79,False,https://www.tesco.com/groceries/en-GB/products/265201247,https://digitalcontent.api.tesco.com/v2/media/ghs/1316daaf-ed74-4ccf-86e0-3676b3bcd101/63846666-4dbd-4d95-a679-1579e3068070_2013756627.jpeg?h=225&w=225,Food Cupboard,Crackers & Crispbreads
312100255,Jacob's Cheddars Cheese Biscuits - Red Leicester Flavour 150g,£1.50,£1.00/100g,£1.00 Save 1/3 Clubcard Price,(£0.67/100g),True,Offer valid for delivery from 26/03/2025 until 22/04/2025,False,4.7,90,False,https://www.tesco.com/groceries/en-GB/products/312100255,https://digitalcontent.api.tesco.com/v2/media/ghs/c3593026-4979-4495-aa80-4e3ff5621bee/8ffe7ca3-1047-4cae-a4ab-3036f52a4322_1709022226.jpeg?h=225&w=225,Food Cupboard,Crackers & Crispbreads
306657970,Tesco Chocolate & Salted Caramel Rice Cakes 123G,£1.65,£1.34/100g,,,False,,False,4.8,84,False,https://www.tesco.com/groceries/en-GB/products/306657970,https://digitalcontent.api.tesco.com/v2/media/ghs/7c664ad5-34dd-43a6-bbfa-d7158b05df74/ddcc09d2-a3a1-4704-ae28-47c763edd0bb_1031733082.jpeg?h=225&w=225,Food Cupboard,Crackers & Crispbreads
300112569,Tesco Cream Crackers 300G,£0.49,£0.16/100g,,,False,,False,3.3,94,False,https://www.tesco.com/groceries/en-GB/products/300112569,https://digitalcontent.api.tesco.com/v2/media/ghs/8d63a34c-8fbe-476a-ade3-34213f28040a/71fb442d-b0d7-4505-bd25-70710c771570_2039484359.jpeg?h=225&w=225,Food Cupboard,Crackers & Crispbreads
315834804,Peter's Yard Sourdough Cracker Selection Box 270g,£7.00,£2.59/100g,Any 3 for 2 Clubcard Price - Cheapest Product Free - Selected Deli Grab Go,,True,Offer valid for delivery from 30/03/2025 until 19/10/2025,False,,,False,https://www.tesco.com/groceries/en-GB/products/315834804,https://digitalcontent.api.tesco.com/v2/media/ghs/c6f8bc7a-4ce1-41ee-837e-44efbfcb567e/9f65780c-2ca0-473a-bd33-1ac1500783a9_64690734.jpeg?h=225&w=225,Food Cupboard,Crackers & Crispbreads
316663780,Kallo Lentil & Pea Veggie Cakes Sea Salt & Cider Vinegar 122g,£2.75,£2.25/100g,,,False,,False,4.7,47,False,https://www.tesco.com/groceries/en-GB/products/316663780,https://digitalcontent.api.tesco.com/v2/media/ghs/70869d85-ca28-4ffa-9a92-20b0cdd8baef/ad1c967f-8d30-4d6c-81a9-f8f2bd49a596_1831093236.jpeg?h=225&w=225,Food Cupboard,Crackers & Crispbreads
317207749,Peter's Yard Original Sourdough Crispbreads 125g,£2.50,£2.00/100g,,,False,,False,,2,False,https://www.tesco.com/groceries/en-GB/products/317207749,https://digitalcontent.api.tesco.com/v2/media/ghs/fa68511d-b5be-4323-b9df-2ad2c538ac0e/c8739d47-073a-4532-aa06-b7c7379ba3a3_1539136447.jpeg?h=225&w=225,Food Cupboard,Crackers & Crispbreads
314424675,Arden & Amici Italian Crackers 250g,£1.90,£0.76/100g,,,False,,False,3.1,21,False,https://www.tesco.com/groceries/en-GB/products/314424675,https://digitalcontent.api.tesco.com/v2/media/ghs/7921ce08-808a-4e1a-895f-60ac8a3b5da9/af8e03fd-c3fa-419a-a92c-97026ac55a3c_450194392.jpeg?h=225&w=225,Food Cupboard,Crackers & Crispbreads
314580805,Snack A Jacks Salt & Vinegar Rice Cakes 117G,£2.25,£1.92/100g,,,False,,False,,,False,https://www.tesco.com/groceries/en-GB/products/314580805,https://digitalcontent.api.tesco.com/v2/media/ghs/a2df2317-30d8-48f2-956f-a66123d8992f/03589d08-af60-436a-af16-afe87250e08a_1824731837.jpeg?h=225&w=225,Food Cupboard,Crackers & Crispbreads
317284719,Nairn's Gluten Free Original Wholegrain Crackers 160g,£2.00,£1.25/100g,,,False,,False,,,False,https://www.tesco.com/groceries/en-GB/products/317284719,https://digitalcontent.api.tesco.com/v2/media/ghs/c62cde74-3575-4622-b289-33d7b35cdc4a/5a12a181-5123-42e6-8481-b5f1c6a1e9e1_1933025577.jpeg?h=225&w=225,Food Cupboard,Crackers & Crispbreads
317289075,Nairn's Gluten Free Super Seeded Wholegrain Crackers 137g,£2.00,£1.46/100g,,,False,,False,,,False,https://www.tesco.com/groceries/en-GB/products/317289075,https://digitalcontent.api.tesco.com/v2/media/ghs/96e5a376-99df-43c4-b9d2-a781d2ed80fb/9aad0b02-4c7b-4297-9ba6-7c64194d3e05_1930702341.jpeg?h=225&w=225,Food Cupboard,Crackers & Crispbreads
317192730,Nairn's Gluten Free Cracked Black Pepper Wholegrain Crackers 137g,£2.00,£1.46/100g,,,False,,False,,1,False,https://www.tesco.com/groceries/en-GB/products/317192730,https://digitalcontent.api.tesco.com/v2/media/ghs/6af4c8d0-14d0-40dc-8d07-bbe1f1196bea/a8836764-2b9a-4363-bec7-6851124b7b14_1268555948.jpeg?h=225&w=225,Food Cupboard,Crackers & Crispbreads
317208034,Snack a Jacks Caramel Jumbo Rice Cakes 159g,£2.25,£1.42/100g,£1.75 Clubcard Price,(£1.10/100g),True,Offer valid for delivery from 26/03/2025 until 22/04/2025,False,,2,False,https://www.tesco.com/groceries/en-GB/products/317208034,https://digitalcontent.api.tesco.com/v2/media/ghs/7522028b-dad1-456b-8326-e0ffb3a48488/f866b6df-1480-4a76-a1e4-978e5e20852c_1202355.jpeg?h=225&w=225,Food Cupboard,Crackers & Crispbreads
317209897,Jacob's Bites Crackers - Red Leicester Flavour 125g,£2.00,£1.60/100g,,,False,,False,4.5,68,False,https://www.tesco.com/groceries/en-GB/products/317209897,https://digitalcontent.api.tesco.com/v2/media/ghs/02c25700-9eae-4679-9e7a-14c88c7d8ca3/ce34a79c-97b2-4cb7-a0fc-d39e7fcc2c44_284955144.jpeg?h=225&w=225,Food Cupboard,Crackers & Crispbreads
316927601,Snack a Jacks Chocolate Chip Jumbo Rice Cakes 180g,£2.25,£1.25/100g,£1.75 Clubcard Price,(£0.97/100g),True,Offer valid for delivery from 26/03/2025 until 22/04/2025,False,,2,False,https://www.tesco.com/groceries/en-GB/products/316927601,https://digitalcontent.api.tesco.com/v2/media/ghs/fb74f91c-f257-47d8-8fea-13f06606831b/237d03e3-f13e-461f-8d72-08c1f65694b3_1523873969.jpeg?h=225&w=225,Food Cupboard,Crackers & Crispbreads
315389213,Peter's Yard Rosemary & Sea Salt Sourdough Crackers 90g,£2.50,£2.78/100g,£1.75 Clubcard Price,(£1.94/100g),True,Offer valid for delivery from 26/03/2025 until 22/04/2025,False,3.2,11,False,https://www.tesco.com/groceries/en-GB/products/315389213,https://digitalcontent.api.tesco.com/v2/media/ghs/3f6e7575-5245-48b8-b293-aa70fecc2143/7622fa5b-dd3a-4a4f-b915-e87cbeaf5f85_1472132087.jpeg?h=225&w=225,Food Cupboard,Crackers & Crispbreads
315373139,Peter's Yard Original Sourdough crackers 90g,£2.50,£2.78/100g,£1.75 Clubcard Price,(£1.94/100g),True,Offer valid for delivery from 26/03/2025 until 22/04/2025,False,,13,False,https://www.tesco.com/groceries/en-GB/products/315373139,https://digitalcontent.api.tesco.com/v2/media/ghs/e74bb522-2bd0-4ec6-80a6-5ee15c751a07/2aba6db3-15bf-48bd-ac23-a0c57c8128c9_1712446891.jpeg?h=225&w=225,Food Cupboard,Crackers & Crispbreads
317187149,Jacob's Bites Mature Cheddar & Onion Crackers 125g,£2.00,£1.60/100g,,,False,,False,4.8,59,False,https://www.tesco.com/groceries/en-GB/products/317187149,https://digitalcontent.api.tesco.com/v2/media/ghs/a5b04700-dce1-4c6d-842c-43dddcbeba5e/06171918-a566-453f-b601-ef0aabd4cf2e_608901210.jpeg?h=225&w=225,Food Cupboard,Crackers & Crispbreads
283994858,Crosta & Mollica Parmesan & Poppyseed Torinesi 120G,£1.60,£1.33/100g,,,False,,False,4.7,26,False,https://www.tesco.com/groceries/en-GB/products/283994858,https://digitalcontent.api.tesco.com/v2/media/ghs/f252dfa7-c34b-4462-b165-3a8ff8c2051e/36dbc947-5b2b-434f-9996-8865a470e349_521912546.jpeg?h=225&w=225,Food Cupboard,Crackers & Crispbreads
315355708,Tesco Salt & Pepper Crackers 185g,£1.30,£0.70/100g,,,False,,False,2.2,58,False,https://www.tesco.com/groceries/en-GB/products/315355708,https://digitalcontent.api.tesco.com/v2/media/ghs/917b9cf3-889c-405a-9078-54e4e44b9429/f878db81-f38d-495b-8c7e-17f0ac1fcf69_750006299.jpeg?h=225&w=225,Food Cupboard,Crackers & Crispbreads
315333936,Tesco Garlic Crackers 185g,£1.30,£0.70/100g,,,False,,False,2.6,38,False,https://www.tesco.com/groceries/en-GB/products/315333936,https://digitalcontent.api.tesco.com/v2/media/ghs/e29c3f4f-4969-4410-aa8f-47b978abcfce/1551ba8a-4f15-4847-a290-8dc696e8a960_474461859.jpeg?h=225&w=225,Food Cupboard,Crackers & Crispbreads
288910415,Crosta & Mollica Oregano Crostini 150g,£2.00,£1.33/100g,£1.60 Clubcard Price,(£1.07/100g),True,Offer valid for delivery from 26/03/2025 until 22/04/2025,False,4.9,23,False,https://www.tesco.com/groceries/en-GB/products/288910415,https://digitalcontent.api.tesco.com/v2/media/ghs/7c90b501-e114-40e1-a80b-8f42d1d66e4a/acd210ea-1b26-4de7-b396-54218342e957_1920036358.jpeg?h=225&w=225,Food Cupboard,Crackers & Crispbreads
315465837,Tesco Rosemary Crackers 185g,£1.30,£0.70/100g,,,False,,False,2.1,35,False,https://www.tesco.com/groceries/en-GB/products/315465837,https://digitalcontent.api.tesco.com/v2/media/ghs/8f89a8a3-828d-4419-9818-52d04a856977/1f8a1b45-6f07-4359-9fff-7d7202a57513_536222121.jpeg?h=225&w=225,Food Cupboard,Crackers & Crispbreads
251969483,Carr's Melts Original Crackers 150g,£2.00,£1.33/100g,£1.50 Save 25% Clubcard Price,(£1.00/100g),True,Offer valid for delivery from 26/03/2025 until 22/04/2025,False,4.8,44,False,https://www.tesco.com/groceries/en-GB/products/251969483,https://digitalcontent.api.tesco.com/v2/media/ghs/80f6279f-bea2-4ab9-8160-4c23d6ffde34/b77a50e5-5e38-44bd-a10c-e3fde5f159d9_1204702093.jpeg?h=225&w=225,Food Cupboard,Crackers & Crispbreads
315461824,Tesco free from cream crackers 137g,£1.50,£1.10/100g,,,False,,False,,10,False,https://www.tesco.com/groceries/en-GB/products/315461824,https://digitalcontent.api.tesco.com/v2/media/ghs/76d95f49-d679-4b70-8e9e-1c854b4d9260/b07f02a3-e842-4477-ac5b-1a2ba319084f_2042163847.jpeg?h=225&w=225,Food Cupboard,Crackers & Crispbreads
316558663,Ritz Original Crackers 150g,£1.25,£0.83/100g,£1.00 Clubcard Price,(£0.67/100g),True,Offer valid for delivery from 26/03/2025 until 20/05/2025,False,2.5,26,False,https://www.tesco.com/groceries/en-GB/products/316558663,https://digitalcontent.api.tesco.com/v2/media/ghs/14dea7fa-2709-41dc-9ca2-aaa11b285159/f53816a3-343a-45f1-9017-611a8f356fec_1910007594.jpeg?h=225&w=225,Food Cupboard,Crackers & Crispbreads
316425193,Ritz Cheese Flavour Crackers 140g,£1.15,£0.82/100g,£1.00 Clubcard Price,(£0.71/100g),True,Offer valid for delivery from 26/03/2025 until 20/05/2025,False,1.8,9,False,https://www.tesco.com/groceries/en-GB/products/316425193,https://digitalcontent.api.tesco.com/v2/media/ghs/bd91be15-3992-4d7b-9692-11daeaea98a4/d91d80cb-6e3d-40ca-8a0e-415a576f2276_1114368207.jpeg?h=225&w=225,Food Cupboard,Crackers & Crispbreads
316550746,Peter's Yard Oregano & Olive Oil Sourdough Crackers 90g,£2.50,£2.78/100g,Any 3 for 2 Clubcard Price - Cheapest Product Free - Selected Deli Grab Go,,True,Offer valid for delivery from 30/03/2025 until 19/10/2025,False,,,False,https://www.tesco.com/groceries/en-GB/products/316550746,https://digitalcontent.api.tesco.com/v2/media/ghs/bd3ee0dd-8ac4-45e4-973a-908defbb9e99/ac01ed06-f3a9-4e58-95f8-b92d97686846_417567329.jpeg?h=225&w=225,Food Cupboard,Crackers & Crispbreads
261913505,Jacob's Savours Bakes - Salt & Cracked Black Pepper 200g,£1.90,£0.95/100g,£1.25 Save 1/3 Clubcard Price,(£0.63/100g),True,Offer valid for delivery from 26/03/2025 until 22/04/2025,False,4.9,174,False,https://www.tesco.com/groceries/en-GB/products/261913505,https://digitalcontent.api.tesco.com/v2/media/ghs/a8cf8b0b-ce8a-4a08-9293-a16dd7458b66/2360a872-2f1a-491f-a08a-a5b8f994b941_89269272.jpeg?h=225&w=225,Food Cupboard,Crackers & Crispbreads
316429252,The Snack Organisation Lemongrass & Chilli Rice Crackers 100g,£1.00,£1.00/100g,90p Clubcard Price,(£0.90/100g),True,Offer valid for delivery from 26/03/2025 until 20/05/2025,False,,2,False,https://www.tesco.com/groceries/en-GB/products/316429252,https://digitalcontent.api.tesco.com/v2/media/ghs/c9a21702-73e9-4c6c-a151-f7efcf6bd853/98307db2-57a9-487c-b81a-ae6a928342f2_1664362212.jpeg?h=225&w=225,Food Cupboard,Crackers & Crispbreads
316802553,The Snack Organisation Rice Crackers - Sour Cream & Chive 100g,£1.00,£1.00/100g,90p Clubcard Price,(£0.90/100g),True,Offer valid for delivery from 26/03/2025 until 20/05/2025,False,,,False,https://www.tesco.com/groceries/en-GB/products/316802553,https://digitalcontent.api.tesco.com/v2/media/ghs/8a33c79f-9df6-41a0-8dba-3d4781b22435/eca5a6fd-bce8-4116-8ddb-c6542304bdf7_2138557101.jpeg?h=225&w=225,Food Cupboard,Crackers & Crispbreads
315835066,Ryvita Thins Snack It Sea Salt & Cider Vinegar Flavour Flatbread Snacks 125g,£2.20,£1.76/100g,,,False,,False,,,False,https://www.tesco.com/groceries/en-GB/products/315835066,https://digitalcontent.api.tesco.com/v2/media/ghs/aa44743e-4058-4cb2-9d29-c9422cc61fa1/78ca743a-26be-4457-b079-e4f9e0a4751a_1312797812.jpeg?h=225&w=225,Food Cupboard,Crackers & Crispbreads
316184315,Ryvita Thins Snack It Sour Cream & Chive Flavour Flatbread Snacks 125g,£2.20,£1.76/100g,,,False,,False,,,False,https://www.tesco.com/groceries/en-GB/products/316184315,https://digitalcontent.api.tesco.com/v2/media/ghs/1d10b516-9a9d-4d9b-9831-57b00f49b4a4/930e58c1-ae90-4f2b-aaa4-78b353c1643a_1032481181.jpeg?h=225&w=225,Food Cupboard,Crackers & Crispbreads
293837253,Nature Valley Protein Peanut & Chocolate Bars 4 x 40g,£3.00,£1.88/100g,,,False,,False,4.3,53,True,https://www.tesco.com/groceries/en-GB/products/293837253,https://digitalcontent.api.tesco.com/v2/media/ghs/a2318c31-c5a3-4df6-bb62-c7e4cdc23cfd/0c0e034d-68a3-4d99-a4f6-fe5a10555783_1173145825.jpeg?h=225&w=225,Food Cupboard,Free From
310117043,Mister Free'd Tortilla Chips - Barbecue Smoky Flavour 135g,£2.00,£14.82/kg,,,False,,False,,2,True,https://www.tesco.com/groceries/en-GB/products/310117043,https://digitalcontent.api.tesco.com/v2/media/ghs/e1cf032d-3e53-49f7-943b-26e5edea0919/snapshotimagehandler_1692491747.jpeg?h=225&w=225,Food Cupboard,Free From
267438511,Alpro Soya Growing Up Long Life Dairy Free Drink 1-3+ Years 1L,£2.10,£2.10/litre,,,False,,False,4.4,39,False,https://www.tesco.com/groceries/en-GB/products/267438511,https://digitalcontent.api.tesco.com/v2/media/ghs/d5fdb737-4b7f-4a0b-ad7b-c164ca5efde9/1c951d86-6482-4061-92f0-28cb47590ea6.jpeg?h=225&w=225,Food Cupboard,Free From
253178655,Alpro Soya No Sugar Long Life Dairy Free Drink 1L,£2.10,£2.10/litre,,,False,,False,,43,False,https://www.tesco.com/groceries/en-GB/products/253178655,https://digitalcontent.api.tesco.com/v2/media/ghs/d9996df7-09ea-42ec-b18a-ac8c2af98c91/d41633ab-5b64-4d9f-a194-0c62b78b834d.jpeg?h=225&w=225,Food Cupboard,Free From
251523947,Alpro Soya Original Long Life Dairy Free Drink 1L,£2.10,£2.10/litre,,,False,,False,,58,False,https://www.tesco.com/groceries/en-GB/products/251523947,https://digitalcontent.api.tesco.com/v2/media/ghs/339da7b9-de9a-48c2-8589-9e1e3fefa31d/533df32c-eecd-4526-a37a-3e81eae80184.jpeg?h=225&w=225,Food Cupboard,Free From
310662597,Alpro Oat Growing Up Long Life Dairy Free Drink 1-3+ Years 1L,£2.10,£2.10/litre,,,False,,False,,2,False,https://www.tesco.com/groceries/en-GB/products/310662597,https://digitalcontent.api.tesco.com/v2/media/ghs/3336fd91-1b9f-46cd-8754-57dfb81d6b09/34911169-50e0-4731-8103-1a84fbd49b01.jpeg?h=225&w=225,Food Cupboard,Free From
280832278,Alpro Oat Original Long Life Dairy Free Drink 1L,£2.10,£2.10/litre,£1.40 Save 1/3 Clubcard Price,(£1.40/litre),True,Offer valid for delivery from 31/03/2025 until 21/04/2025,False,4.3,49,False,https://www.tesco.com/groceries/en-GB/products/280832278,https://digitalcontent.api.tesco.com/v2/media/ghs/40c4c21c-334a-44fc-b8a8-18f640dcfd02/5145b9f5-e4a8-433f-ab9a-12e25cc0be88.jpeg?h=225&w=225,Food Cupboard,Free From
299384611,Warburtons Gluten Free Artisan Tiger Loaf 400G,£3.50,£0.88/100g,,,False,,False,4.3,56,False,https://www.tesco.com/groceries/en-GB/products/299384611,https://digitalcontent.api.tesco.com/v2/media/ghs/15458b87-eb4f-4e6b-83ef-851b25db4762/215c8bc0-9afd-45ce-ba46-64a460a8cb57.jpeg?h=225&w=225,Food Cupboard,Free From
304792587,Alpro Oat No Sugar Long Life Dairy Free Drink 1L,£2.10,£2.10/litre,£1.40 Save 1/3 Clubcard Price,(£1.40/litre),True,Offer valid for delivery from 31/03/2025 until 21/04/2025,False,4.4,70,False,https://www.tesco.com/groceries/en-GB/products/304792587,https://digitalcontent.api.tesco.com/v2/media/ghs/29729c1b-b765-4369-b00b-4cfc00c2698e/bd3c3e59-164d-48f7-8a28-8832f6f86acd.jpeg?h=225&w=225,Food Cupboard,Free From
297673324,Koko Dairy Free Unsweetened Alternative Longlife Drink 1L,£1.80,£1.80/litre,,,False,,False,3.6,17,False,https://www.tesco.com/groceries/en-GB/products/297673324,https://digitalcontent.api.tesco.com/v2/media/ghs/b70bfc55-ec24-40b3-ae60-8888381b7825/42056c54-c858-4f01-91cd-59597f8da89f.jpeg?h=225&w=225,Food Cupboard,Free From
307745622,Tesco Long Life Oat Original 1L,£1.45,£1.45/litre,,,False,,False,4.3,46,False,https://www.tesco.com/groceries/en-GB/products/307745622,https://digitalcontent.api.tesco.com/v2/media/ghs/877a2bf1-6385-4d17-875d-5a089fe8f239/a65020b4-f0f2-428d-8351-74e1aa659d52.jpeg?h=225&w=225,Food Cupboard,Free From
295790361,Tesco Longlife Soya Drink Unsweetened 1Ltr,£1.25,£1.25/litre,,,False,,False,2.9,57,False,https://www.tesco.com/groceries/en-GB/products/295790361,https://digitalcontent.api.tesco.com/v2/media/ghs/f83cb98f-33dc-4cb6-ad44-469ca41b656a/9fb13579-9aea-4a19-bb47-9e080fb8e5b5.jpeg?h=225&w=225,Food Cupboard,Free From
292990463,Oatly Barista Edition Oat Drink Long Life 1L,£2.20,£2.20/litre,,,False,,False,4.9,73,False,https://www.tesco.com/groceries/en-GB/products/292990463,https://digitalcontent.api.tesco.com/v2/media/ghs/8f816bc9-d23a-4f22-8b9f-e37f6ec86b35/ab5efce7-5293-497f-bbd9-af443be4d6d8.jpeg?h=225&w=225,Food Cupboard,Free From
256438810,Tesco Sweetened Soya Drink 1L,£1.25,£1.25/litre,,,False,,False,3.9,55,False,https://www.tesco.com/groceries/en-GB/products/256438810,https://digitalcontent.api.tesco.com/v2/media/ghs/bf68f429-8575-4312-8555-e0683ca5ccb5/1928b351-5bd4-406c-94dc-dfb1997409d0.jpeg?h=225&w=225,Food Cupboard,Free From
304788437,Alpro Barista Oat Long Life Dairy Free Drink 1L,£2.10,£2.10/litre,£1.40 Save 1/3 Clubcard Price,(£1.40/litre),True,Offer valid for delivery from 31/03/2025 until 21/04/2025,False,4.4,54,False,https://www.tesco.com/groceries/en-GB/products/304788437,https://digitalcontent.api.tesco.com/v2/media/ghs/7e352d79-f6da-478d-8fff-1a402a61f2d3/e3a04b6e-e63b-470c-90f2-2af6ea8458fc.jpeg?h=225&w=225,Food Cupboard,Free From
273706064,Almond Breeze Unsweetened Longlife Drink Alternative 1 Litre,£1.90,£1.90/litre,£1.25 Save 1/3 Clubcard Price,(£1.25/litre),True,Offer valid for delivery from 09/04/2025 until 29/04/2025,False,4.4,16,False,https://www.tesco.com/groceries/en-GB/products/273706064,https://digitalcontent.api.tesco.com/v2/media/ghs/58307386-a396-450a-814e-f5898143eab3/ac8b6163-93b9-4587-bdb4-ff938176f1ec.jpeg?h=225&w=225,Food Cupboard,Free From
308494277,Warburtons Gluten Free Super Soft Sliced Square Rolls 4 pack,£2.90,£0.72/each,,,False,,False,4.3,35,False,https://www.tesco.com/groceries/en-GB/products/308494277,https://digitalcontent.api.tesco.com/v2/media/ghs/d9e354bf-6202-4217-bc77-dc7e501b1479/8cfa2beb-f524-4ce9-b89f-593e7e03683b.jpeg?h=225&w=225,Food Cupboard,Free From
294995640,Nakd Peanut Delight Raw Fruit & Nut Bar 4x35g,£3.00,£2.14/100g,£2.25 Save 25% Clubcard Price,(£1.61/100g),True,Offer valid for delivery from 16/04/2025 until 25/05/2025,False,4.6,36,False,https://www.tesco.com/groceries/en-GB/products/294995640,https://digitalcontent.api.tesco.com/v2/media/ghs/e2809307-d7fb-4077-995c-5bf0a83c3548/8bd70c02-e992-4214-9bc8-e6939f972534_1578272719.jpeg?h=225&w=225,Food Cupboard,Free From
262697292,Alpro Dark Chocolate Dairy Free Vegan Soya Dessert 4x125g,£1.85,£0.37/100g,,,False,,False,4.5,62,False,https://www.tesco.com/groceries/en-GB/products/262697292,https://digitalcontent.api.tesco.com/v2/media/ghs/d7588336-26fb-4790-9fce-7dfbe692fbae/3ba7c999-cf54-4d2c-8744-5af5868fe7d2.jpeg?h=225&w=225,Food Cupboard,Free From
282012007,Nairn's Gluten Free Biscuit Breaks - Oats & Chocolate Chip 160g,£2.10,£1.31/100g,,,False,,False,4.5,22,False,https://www.tesco.com/groceries/en-GB/products/282012007,https://digitalcontent.api.tesco.com/v2/media/ghs/0e313a5e-dfd2-4c77-9d8e-10d5a74c6dd3/43552129-087a-40d6-a856-7f2cc1639f50_13231585.jpeg?h=225&w=225,Food Cupboard,Free From
273960228,Knorr Chicken Stock Pot 8x28g,£2.49,£1.11/100g,,,False,,False,4.3,145,False,https://www.tesco.com/groceries/en-GB/products/273960228,https://digitalcontent.api.tesco.com/v2/media/ghs/52192d4f-8761-4ce0-8bb6-8a62dc4e3590/6351e240-5b82-4551-9593-81d2f9afbbbb_1316016496.jpeg?h=225&w=225,Food Cupboard,Free From
273967169,Knorr Vegetable Stock Pot 8x28g,£2.49,£1.11/100g,,,False,,False,4.6,121,False,https://www.tesco.com/groceries/en-GB/products/273967169,https://digitalcontent.api.tesco.com/v2/media/ghs/93a10d72-c5bb-463e-b963-b7eed76bb539/73879837-2233-4857-af12-12af5d2b92dc_1607342129.jpeg?h=225&w=225,Food Cupboard,Free From
254881241,Knorr Chicken Stock Cubes 8 x 10g,£2.00,£2.50/100g,,,False,,False,4.5,219,False,https://www.tesco.com/groceries/en-GB/products/254881241,https://digitalcontent.api.tesco.com/v2/media/ghs/deae73e1-4ea0-457a-b74b-68d841770dc2/0280d22e-876e-4e8e-9f9e-e44b07c6acae_1067442398.jpeg?h=225&w=225,Food Cupboard,Free From
254881270,Knorr Vegetable Stock Cubes 8 x 10g,£2.00,£2.50/100g,,,False,,False,4.4,163,False,https://www.tesco.com/groceries/en-GB/products/254881270,https://digitalcontent.api.tesco.com/v2/media/ghs/e2b7f993-d6bd-40d8-a2cc-0e3588687b36/f6bc6e25-f54c-466b-bfc1-ba973ecc6812_2059662325.jpeg?h=225&w=225,Food Cupboard,Free From
311444765,Minor Figures Barista Oat Drink 1L,£2.10,£2.10/litre,,,False,,False,,57,False,https://www.tesco.com/groceries/en-GB/products/311444765,https://digitalcontent.api.tesco.com/v2/media/ghs/cb5ae15b-5ee7-4aae-89dc-d6c66100788d/309256bd-830e-4c1d-904a-9fb196b1ae75.jpeg?h=225&w=225,Food Cupboard,Free From
254881195,Knorr Beef Stock Cubes 8x10g,£2.00,£2.50/100g,,,False,,False,4.7,132,False,https://www.tesco.com/groceries/en-GB/products/254881195,https://digitalcontent.api.tesco.com/v2/media/ghs/2177e0c1-6beb-42d6-8ff5-ee857e31ce93/5c00381a-70e1-4d90-b0b3-518d5e67b2b6_1818652882.jpeg?h=225&w=225,Food Cupboard,Free From
299384732,Warburtons Gluten Free White Loaf 300G,£2.20,£0.73/100g,,,False,,False,3.8,21,False,https://www.tesco.com/groceries/en-GB/products/299384732,https://digitalcontent.api.tesco.com/v2/media/ghs/0e5dca29-41b0-4325-b17d-8b9afb9c3ebc/c4a0de26-d464-4896-8cd0-0173a5637150.jpeg?h=225&w=225,Food Cupboard,Free From
313382903,Oxo White Wine Stock Pots 4 x 20g (80g),£1.85,£2.31/100g,£1.50 Clubcard Price,(£1.88/100g),True,Offer valid for delivery from 19/02/2025 until 22/04/2025,False,4.5,33,False,https://www.tesco.com/groceries/en-GB/products/313382903,https://digitalcontent.api.tesco.com/v2/media/ghs/6b1d0e50-4c31-4854-aec9-313fdedd6440/aecaf598-3f32-4d7e-94a7-43fed971b4c1_732390944.jpeg?h=225&w=225,Food Cupboard,Free From
276761995,Alpro Almond No Sugar Long Life Dairy Free Drink 1L,£2.10,£2.10/litre,£1.40 Save 1/3 Clubcard Price,(£1.40/litre),True,Offer valid for delivery from 31/03/2025 until 21/04/2025,False,4.3,68,False,https://www.tesco.com/groceries/en-GB/products/276761995,https://digitalcontent.api.tesco.com/v2/media/ghs/7e2f707d-a523-453d-a76f-a648c9f82b5f/e1dc1d04-b983-444d-863f-6b7c12873140.jpeg?h=225&w=225,Food Cupboard,Free From
255764252,Alpro Soya Long Life Dairy Free Alternative to Cream 250ml,£1.20,£0.48/100ml,,,False,,False,4.2,55,False,https://www.tesco.com/groceries/en-GB/products/255764252,https://digitalcontent.api.tesco.com/v2/media/ghs/592b836a-325a-485d-a587-1f8bd576aa87/f03f45b2-76e3-4834-9bb7-54967dc99444.jpeg?h=225&w=225,Food Cupboard,Free From
291360744,Schar Pretzels 60G,£1.10,£1.83/100g,,,False,,False,4.2,12,False,https://www.tesco.com/groceries/en-GB/products/291360744,https://digitalcontent.api.tesco.com/v2/media/ghs/bda57397-3335-4f19-bbed-6c2b884692a8/87c3e229-7f35-4e3b-a200-12b8b86a8420_1575015590.jpeg?h=225&w=225,Food Cupboard,Free From
307759312,Tesco Long Life Coconut Original 1L,£1.25,£1.25/litre,,,False,,False,4.4,41,False,https://www.tesco.com/groceries/en-GB/products/307759312,https://digitalcontent.api.tesco.com/v2/media/ghs/8c8f17e6-60f0-4054-bfa9-091cfe6040f1/a4d6d8d0-8afc-443d-bbfc-dfef490f944b.jpeg?h=225&w=225,Food Cupboard,Free From
259339243,Knorr Vegetable Stock Pot 4x28g,£1.90,£1.70/100g,£1.25 Save 1/3 Clubcard Price,(£1.12/100g),True,Offer valid for delivery from 19/03/2025 until 22/04/2025,False,4.6,124,False,https://www.tesco.com/groceries/en-GB/products/259339243,https://digitalcontent.api.tesco.com/v2/media/ghs/2c1920fc-faeb-45e2-a7e8-e63dc9f65946/259c230a-7006-47a3-8cc6-7eaa14239451_2104468922.jpeg?h=225&w=225,Food Cupboard,Free From
287531928,Tesco Unsweetened Almond Drink 1L,£1.25,£1.25/litre,,,False,,False,3.7,56,False,https://www.tesco.com/groceries/en-GB/products/287531928,https://digitalcontent.api.tesco.com/v2/media/ghs/d7f49bef-bbf8-4c58-aa3e-98f21513f4b4/1d84e1c9-341f-403d-b8c9-bdc6c4ac08c9.jpeg?h=225&w=225,Food Cupboard,Free From
259338780,Knorr Chicken Stock Pot 4 x 28g,£1.90,£1.70/100g,£1.25 Save 1/3 Clubcard Price,(£1.12/100g),True,Offer valid for delivery from 19/03/2025 until 22/04/2025,False,4.3,148,False,https://www.tesco.com/groceries/en-GB/products/259338780,https://digitalcontent.api.tesco.com/v2/media/ghs/98139a00-4b01-4ff6-9f00-67b03a915d89/362e092a-fa20-4189-ae9e-4274f39fe754_1458936314.jpeg?h=225&w=225,Food Cupboard,Free From
273952198,Knorr Rich Beef Stock Pot 4 x 28g,£1.90,£1.70/100g,£1.25 Save 1/3 Clubcard Price,(£1.12/100g),True,Offer valid for delivery from 19/03/2025 until 22/04/2025,False,4.4,97,False,https://www.tesco.com/groceries/en-GB/products/273952198,https://digitalcontent.api.tesco.com/v2/media/ghs/1b52db3b-9e85-441a-8bae-a7b53ba5dc03/2602dfc9-35fa-4e45-92aa-cda7fa4d0884_1046555493.jpeg?h=225&w=225,Food Cupboard,Free From
259338708,Knorr Beef Stock Pot 4 x 28g,£1.90,£1.70/100g,£1.25 Save 1/3 Clubcard Price,(£1.12/100g),True,Offer valid for delivery from 19/03/2025 until 22/04/2025,False,4.7,80,False,https://www.tesco.com/groceries/en-GB/products/259338708,https://digitalcontent.api.tesco.com/v2/media/ghs/f194f36a-a95d-410a-80d2-dbec8685074e/7490c42d-f760-42ad-81c4-3bd0958bd240_1249672402.jpeg?h=225&w=225,Food Cupboard,Free From
282996414,Dr.Oetker Baking Powder Tub 170G,£1.40,£0.82/100g,£1.10 Clubcard Price,(£0.65/100g),True,Offer valid for delivery from 03/04/2025 until 22/04/2025,False,,2,False,https://www.tesco.com/groceries/en-GB/products/282996414,https://digitalcontent.api.tesco.com/v2/media/ghs/2e30305e-a5de-4cc7-ad6b-4ca270872b56/762a3fb5-5bbd-4a6e-8be9-826b3932000f_832836281.jpeg?h=225&w=225,Food Cupboard,Free From
302301545,Alpro Vanilla Dairy Free Soya Custard 525g,£1.15,£0.22/100g,,,False,,False,4.4,78,False,https://www.tesco.com/groceries/en-GB/products/302301545,https://digitalcontent.api.tesco.com/v2/media/ghs/e72c53c4-954d-4e4e-8a0c-39f3789a5630/eab6eecf-3624-43c8-9937-d6bc4f33da9b_832340961.jpeg?h=225&w=225,Food Cupboard,Free From
291368610,Tesco Free From Chocolate Chip Cookies 145g,£1.55,£1.07/100g,,,False,,False,3.7,40,False,https://www.tesco.com/groceries/en-GB/products/291368610,https://digitalcontent.api.tesco.com/v2/media/ghs/705ba49a-5c5a-414b-8447-f6b8ed295012/44626ecb-8610-48c6-8c3b-07259ec9d643_1235165702.jpeg?h=225&w=225,Food Cupboard,Free From
297372421,Tesco Free From Green Pesto 190G,£1.10,£0.58/100g,,,False,,False,4.2,32,False,https://www.tesco.com/groceries/en-GB/products/297372421,https://digitalcontent.api.tesco.com/v2/media/ghs/ea75daca-833e-4298-9071-3d694aaeb9aa/17243430-7eb6-4e76-90f5-a70e66f90579_633262041.jpeg?h=225&w=225,Food Cupboard,Free From
282446012,Tesco Free From Choc Buttons 25g,£0.60,£2.40/100g,,,False,,False,4.8,41,False,https://www.tesco.com/groceries/en-GB/products/282446012,https://digitalcontent.api.tesco.com/v2/media/ghs/1a6127e9-cb21-4a44-9af7-3664322f3fa1/9996ae03-e5e7-4b00-9801-4c3504ec2e84_990915616.jpeg?h=225&w=225,Food Cupboard,Free From
314596194,Knorr Chicken Gravy Pot 4x28g,£2.25,£2.01/100g,,,False,,False,4.5,29,False,https://www.tesco.com/groceries/en-GB/products/314596194,https://digitalcontent.api.tesco.com/v2/media/ghs/84cc34ff-fc0f-4b9b-9729-828acbadf7a9/230c4cde-7def-41e0-9883-e15edae120ca_1798583856.jpeg?h=225&w=225,Food Cupboard,Free From
276606161,Tesco Free From Seeded Sliced Bread 550g,£1.95,£0.36/100g,,,False,,False,3.1,93,False,https://www.tesco.com/groceries/en-GB/products/276606161,https://digitalcontent.api.tesco.com/v2/media/ghs/fa8b69f0-82de-426b-9d28-3340b47204f5/83804bde-204b-4e2c-90b5-c4c6b343488d.jpeg?h=225&w=225,Food Cupboard,Free From
300661949,The Grower's Harvest Soya Drink Unsweetened 1L,£0.50,£0.50/litre,,,False,,False,,122,False,https://www.tesco.com/groceries/en-GB/products/300661949,https://digitalcontent.api.tesco.com/v2/media/ghs/e4a9a324-bb5b-460e-a762-aeb949aaf255/0dfe7f84-74d3-44bf-b9a0-5aec28553021.jpeg?h=225&w=225,Food Cupboard,Free From
256876792,Tesco Free From Fusilli 500g,£0.75,£1.50/kg,,,False,,False,4.3,38,False,https://www.tesco.com/groceries/en-GB/products/256876792,https://digitalcontent.api.tesco.com/v2/media/ghs/f0a3a35d-8797-4b77-aa2f-7c5e3d88de15/42620ab5-54d4-45f1-8093-71ddfa5edbd8_2147091425.jpeg?h=225&w=225,Food Cupboard,Free From
256876734,Tesco Free From Penne Pasta 500G,£0.75,£1.50/kg,,,False,,False,4.1,34,False,https://www.tesco.com/groceries/en-GB/products/256876734,https://digitalcontent.api.tesco.com/v2/media/ghs/649030db-f1cc-4c60-8c39-4fba99efea0c/4ba57882-bf7d-4142-a76a-b131081f163c_938681219.jpeg?h=225&w=225,Food Cupboard,Free From
256876728,Tesco Free From Spaghetti 500G,£0.75,£1.50/kg,,,False,,False,4.6,39,False,https://www.tesco.com/groceries/en-GB/products/256876728,https://digitalcontent.api.tesco.com/v2/media/ghs/450f0ad6-95cc-4c4a-90b9-d6c77201a2bc/3d1d88d9-a777-4bfe-a8c5-7ca03cedd204_1942152070.jpeg?h=225&w=225,Food Cupboard,Free From
288500630,Rude Health Organic Almond Longlife Dairy Free Drink 1L,£2.30,£2.30/litre,,,False,,False,3.6,16,False,https://www.tesco.com/groceries/en-GB/products/288500630,https://digitalcontent.api.tesco.com/v2/media/ghs/8a4887f3-72eb-488f-8590-34cfd4ebad5c/3760093d-c184-4637-aabb-ac7b24c5ca1e.jpeg?h=225&w=225,Food Cupboard,Free From
251496638,Oatly Organic Oat Drink Long Life 1L,£2.00,£2.00/litre,,,False,,False,3.4,19,False,https://www.tesco.com/groceries/en-GB/products/251496638,https://digitalcontent.api.tesco.com/v2/media/ghs/e8569c64-c664-45c0-b987-266befd03eed/51396f25-6612-4315-95aa-760e95f6d24b.jpeg?h=225&w=225,Food Cupboard,Free From
304406643,Califia Farms Oat Barista Long Life Dairy Free Drink 1L,£2.10,£2.10/litre,£1.50 Clubcard Price,(£1.50/litre),True,Offer valid for delivery from 09/04/2025 until 29/04/2025,False,4.6,175,False,https://www.tesco.com/groceries/en-GB/products/304406643,https://digitalcontent.api.tesco.com/v2/media/ghs/48c0b1bb-753c-4d20-82d1-1c64d5f54374/386c099a-00db-4fa6-a9db-31aef5fa932c.jpeg?h=225&w=225,Food Cupboard,Free From
290819809,Schar Gluten-Free Soft White Sliced Bread Loaf,£2.95,£0.98/100g,,,False,,False,4.4,18,False,https://www.tesco.com/groceries/en-GB/products/290819809,https://digitalcontent.api.tesco.com/v2/media/ghs/3e480dcc-cc46-4db3-aa24-53fcda69a2a5/80c50bfa-8710-4f8a-b2fd-0d129f47c3db_2096983025.jpeg?h=225&w=225,Food Cupboard,Free From
290819746,Schar Gluten-Free Soft Seeded Loaf Bread 300g,£2.95,£0.98/100g,,,False,,False,3.7,27,False,https://www.tesco.com/groceries/en-GB/products/290819746,https://digitalcontent.api.tesco.com/v2/media/ghs/84564dfd-e77e-44b6-ab9d-816b26b56481/1b395a9a-167c-4221-a991-9c64e9c4b42a_2042539935.jpeg?h=225&w=225,Food Cupboard,Free From
307144095,Nomo Vegan & Free From Caramel Chocolate Bar 38g,£1.50,£3.95/100g,,,False,,False,4.6,25,False,https://www.tesco.com/groceries/en-GB/products/307144095,https://digitalcontent.api.tesco.com/v2/media/ghs/c69558a2-bb58-42b6-9942-cde9171d9346/a7ea53b3-f64e-4b20-9305-729f019fa486_1482689797.jpeg?h=225&w=225,Food Cupboard,Free From
268347369,Nakd Berry Delight Raw Fruit & Nut Bar 4x35g,£3.00,£2.14/100g,£2.25 Save 25% Clubcard Price,(£1.61/100g),True,Offer valid for delivery from 16/04/2025 until 25/05/2025,False,4.8,36,False,https://www.tesco.com/groceries/en-GB/products/268347369,https://digitalcontent.api.tesco.com/v2/media/ghs/661464ea-1367-46ff-9c2d-af82990a0468/820d4ab0-5d89-4f76-8508-f2cc5611c63f_870139326.jpeg?h=225&w=225,Food Cupboard,Free From
250126054,Alpro Soya Chocolate Long Life Dairy Free Drink Multipack 3x250ml,£2.10,£2.80/litre,,,False,,False,4.4,45,False,https://www.tesco.com/groceries/en-GB/products/250126054,https://digitalcontent.api.tesco.com/v2/media/ghs/6e76039a-f1ad-4234-a327-31f42ef0a2d8/e3f93b64-1e1b-4f37-8da0-6221200b0cc1_814987787.jpeg?h=225&w=225,Food Cupboard,Free From
284275907,Genius Gluten Free Crumpets 4 pack,£2.25,£0.56/each,,,False,,False,2.9,54,False,https://www.tesco.com/groceries/en-GB/products/284275907,https://digitalcontent.api.tesco.com/v2/media/ghs/6915183d-789f-444d-ace1-7ae3a84df777/76fbb971-dab6-4629-a677-c29bd66defb8.jpeg?h=225&w=225,Food Cupboard,Free From
291228310,Schar Every Day Gluten-free Soft Rolls - White Ciabatta 200g,£2.40,£1.20/100g,£2.00 Clubcard Price,(£1.00/100g),True,Offer valid for delivery from 01/04/2025 until 21/04/2025,False,4.3,16,False,https://www.tesco.com/groceries/en-GB/products/291228310,https://digitalcontent.api.tesco.com/v2/media/ghs/07264ce7-5aee-4c2e-a3b8-f811682da52c/d6724992-89fe-4e69-9e43-07e79f2f7a31_1178657458.jpeg?h=225&w=225,Food Cupboard,Free From
291558943,TREK Protein Flapjacks - Cocoa Oat 3 Pack 150g,£3.60,£2.40/100g,,,False,,False,3.9,8,False,https://www.tesco.com/groceries/en-GB/products/291558943,https://digitalcontent.api.tesco.com/v2/media/ghs/84936e8a-3924-4a26-9136-d466f63af26f/e1f5ef77-8964-4824-aff8-e20de28a73e3_1011987974.jpeg?h=225&w=225,Food Cupboard,Free From
276760184,Alpro Soya Vanilla Original Long Life Dairy Free Drink 1L,£2.10,£2.10/litre,,,False,,False,4.6,44,False,https://www.tesco.com/groceries/en-GB/products/276760184,https://digitalcontent.api.tesco.com/v2/media/ghs/aba38939-27de-420b-8939-70e2f862e8e9/1f5394e0-da1d-477d-8cb7-012c120ad7fc.jpeg?h=225&w=225,Food Cupboard,Free From
291243774,BFree Gluten Free Stone Baked Pitta Bread 220g,£2.75,£1.25/100g,£2.20 Clubcard Price,(£1.00/100g),True,Offer valid for delivery from 01/04/2025 until 21/04/2025,False,,20,False,https://www.tesco.com/groceries/en-GB/products/291243774,https://digitalcontent.api.tesco.com/v2/media/ghs/d97ac1e4-bf83-42b1-812b-78ebd3993819/f02599ff-87d3-40f1-91e8-ddfec4d04486_1530504674.jpeg?h=225&w=225,Food Cupboard,Free From
276745807,Alpro Soya Chocolate Longlife Drink Alternative 1 Litre,£2.10,£2.10/litre,,,False,,False,4.4,46,False,https://www.tesco.com/groceries/en-GB/products/276745807,https://digitalcontent.api.tesco.com/v2/media/ghs/3beeef9a-2691-437a-bae6-f80147461331/c33ebdc3-b000-4db7-aa60-1b76e376f8c1.jpeg?h=225&w=225,Food Cupboard,Free From
307145376,Marmite Oven Baked Cashews 90G,£3.00,£33.33/kg,,,False,,False,4.4,159,False,https://www.tesco.com/groceries/en-GB/products/307145376,https://digitalcontent.api.tesco.com/v2/media/ghs/7c35dc45-7874-46b1-a199-08e1c98f30da/b60702ca-c4e6-4cca-b05c-01ce27075dc7_665001719.jpeg?h=225&w=225,Food Cupboard,Free From
307741868,Alpro Barista Coconut Long Life Dairy Free Drink 1L,£2.10,£2.10/litre,,,False,,False,4.4,49,False,https://www.tesco.com/groceries/en-GB/products/307741868,https://digitalcontent.api.tesco.com/v2/media/ghs/b7b28e08-fc73-4730-8535-64ed25c65ef2/d8261fd0-57e9-4087-b63b-3719061aada1.jpeg?h=225&w=225,Food Cupboard,Free From
293837316,Nature Valley Protein Salted Caramel Nut Cereal Bars 4 x 40g,£3.00,£1.88/100g,,,False,,False,4.6,39,False,https://www.tesco.com/groceries/en-GB/products/293837316,https://digitalcontent.api.tesco.com/v2/media/ghs/539d6857-3680-4b84-9859-edc89e5fd9bd/88436eed-04d0-4070-8504-b97474418574_1938611451.jpeg?h=225&w=225,Food Cupboard,Free From
294342370,Nairn's Gluten Free Cheese Oatcakes 180g,£2.00,£1.11/100g,,,False,,False,4.3,13,False,https://www.tesco.com/groceries/en-GB/products/294342370,https://digitalcontent.api.tesco.com/v2/media/ghs/d5753590-2d40-4d81-8977-d90499132a2f/86eb103c-5dfc-4f4c-aa5b-f73df20ef4ba_428463243.jpeg?h=225&w=225,Food Cupboard,Free From
252955630,Alpro Chocolate Dairy Free Vegan Soya Dessert 4x125g,£1.85,£0.37/100g,,,False,,False,4.3,55,False,https://www.tesco.com/groceries/en-GB/products/252955630,https://digitalcontent.api.tesco.com/v2/media/ghs/53695328-ed23-4976-9c2f-e8bcc1d423a5/08d03ad4-7415-4c04-94c8-2465b2603083.jpeg?h=225&w=225,Food Cupboard,Free From
261747006,Oatly Oat Drink - Chocolate 1L,£2.00,£2.00/litre,,,False,,False,4.3,25,False,https://www.tesco.com/groceries/en-GB/products/261747006,https://digitalcontent.api.tesco.com/v2/media/ghs/6a0cedca-c625-483a-b6af-ad558fc0fe4f/e4b7db96-8627-4a31-bf8c-1e0730a9b18e.jpeg?h=225&w=225,Food Cupboard,Free From
252955739,Alpro Vanilla Dairy Free Vegan Soya Dessert 4x125g,£1.85,£0.37/100g,,,False,,False,4.5,44,False,https://www.tesco.com/groceries/en-GB/products/252955739,https://digitalcontent.api.tesco.com/v2/media/ghs/84314014-fa4c-4e0a-a96f-82701caa09db/d3c33c5a-8ff4-4940-842a-08356bc5c743.jpeg?h=225&w=225,Food Cupboard,Free From
284384968,Tesco Free From Wholegrain Rice Cakes 130G,£1.50,£1.15/100g,,,False,,False,4.1,31,False,https://www.tesco.com/groceries/en-GB/products/284384968,https://digitalcontent.api.tesco.com/v2/media/ghs/81c8093a-8c05-4d18-b165-8b41b5c5a6a3/942c3df3-bdd3-4de4-a744-ebabb41fcbe4_126460930.jpeg?h=225&w=225,Food Cupboard,Free From
300916564,Tesco Free From Branflakes 300G,£2.10,£0.70/100g,,,False,,False,4.8,54,False,https://www.tesco.com/groceries/en-GB/products/300916564,https://digitalcontent.api.tesco.com/v2/media/ghs/7c9f7123-e9b5-4407-a792-f1f871b33523/3b34fe4e-714d-492a-bd48-c91e9ff9d8e9.jpeg?h=225&w=225,Food Cupboard,Free From
254881212,Knorr Ham Stock Cubes 8 x 10g,£2.00,£2.50/100g,,,False,,False,4.6,49,False,https://www.tesco.com/groceries/en-GB/products/254881212,https://digitalcontent.api.tesco.com/v2/media/ghs/be254e2c-410e-4929-b478-3772ab931085/35996275-943c-4bfd-b16d-a052be7d42f5_799608423.jpeg?h=225&w=225,Food Cupboard,Free From
311262317,Minor Figures Organic Barista Oat Drink 1L,£2.15,£2.15/litre,,,False,,False,4.7,46,False,https://www.tesco.com/groceries/en-GB/products/311262317,https://digitalcontent.api.tesco.com/v2/media/ghs/b4e411c4-06f3-4d3c-b4ac-22ec8c2b0c38/57a316a1-f614-4af2-b123-b8c4a35a0cbf.jpeg?h=225&w=225,Food Cupboard,Free From
294342393,Nairn's Gluten Free Original Oatcakes 213g,£2.00,£0.94/100g,,,False,,False,,8,False,https://www.tesco.com/groceries/en-GB/products/294342393,https://digitalcontent.api.tesco.com/v2/media/ghs/fc065888-4373-496b-a7fe-81929ae30b73/c4477140-246e-40ae-baf8-53a6b464432d_50899633.jpeg?h=225&w=225,Food Cupboard,Free From
299384571,Warburtons Gluten Free Multiseed Loaf Bread 300g,£2.20,£0.73/100g,,,False,,False,3.3,23,False,https://www.tesco.com/groceries/en-GB/products/299384571,https://digitalcontent.api.tesco.com/v2/media/ghs/6eb4b3e8-99a2-45b2-9a53-c81a28529326/abcb36b8-5199-48a6-9169-50cabd59020b.jpeg?h=225&w=225,Food Cupboard,Free From
297484755,Tesco Gluten Free Red Lentil Fusilli 250g,£1.80,£7.20/kg,,,False,,False,4.6,59,False,https://www.tesco.com/groceries/en-GB/products/297484755,https://digitalcontent.api.tesco.com/v2/media/ghs/e6053a14-0d51-494f-9c56-954e24a80ed5/014d8763-45f6-43d0-a7e3-96d31593f74d_1856050697.jpeg?h=225&w=225,Food Cupboard,Free From
272012512,Alpro Almond Original Long Life Dairy Free Drink 1L,£2.10,£2.10/litre,£1.40 Save 1/3 Clubcard Price,(£1.40/litre),True,Offer valid for delivery from 31/03/2025 until 21/04/2025,False,4.2,40,False,https://www.tesco.com/groceries/en-GB/products/272012512,https://digitalcontent.api.tesco.com/v2/media/ghs/656f365f-2e4c-40a1-b657-76c6cc3e1b5e/9721dd26-bb5e-47a0-b8e0-abc49062ad2f.jpeg?h=225&w=225,Food Cupboard,Free From
250304402,Doves Farm Gluten Free Plain Flour 1Kg,£1.95,£1.95/kg,,,False,,False,4.9,7,False,https://www.tesco.com/groceries/en-GB/products/250304402,https://digitalcontent.api.tesco.com/v2/media/ghs/c564d5c4-fe74-4140-a6f9-f49aa302e0b1/c99a665f-6801-4be2-9b9d-44e897a91146_539269672.jpeg?h=225&w=225,Food Cupboard,Free From
276993835,Koko Dairy Free Original Plus Calcium Longlife Drink 1L,£1.80,£1.80/litre,,,False,,False,3.7,15,False,https://www.tesco.com/groceries/en-GB/products/276993835,https://digitalcontent.api.tesco.com/v2/media/ghs/a962ccbb-5a60-4039-b9d3-f9e7a6248532/93974e77-1299-4887-85d4-f920ac16d0ce.jpeg?h=225&w=225,Food Cupboard,Free From
291369216,Tesco Free From Digestive Biscuits 160G,£1.70,£1.06/100g,,,False,,False,3.7,41,False,https://www.tesco.com/groceries/en-GB/products/291369216,https://digitalcontent.api.tesco.com/v2/media/ghs/db5da59a-be37-4176-8e36-5517a4093ec4/3e446e2e-07b8-416a-924d-168c0c468aa8_2060655204.jpeg?h=225&w=225,Food Cupboard,Free From
291360047,Tesco Free From Sage & Onion Stuffing 170G,£1.70,£10.00/kg,,,False,,False,4.6,42,False,https://www.tesco.com/groceries/en-GB/products/291360047,https://digitalcontent.api.tesco.com/v2/media/ghs/7ea8c0bd-98a1-4805-af4a-59ef14b49bb7/e0b5275c-41e0-4108-a158-2d204260844d_1041600474.jpeg?h=225&w=225,Food Cupboard,Free From
264177046,Freee Gluten Free Self Raising White Flour 1kg,£1.95,£1.95/kg,,,False,,False,4.2,15,False,https://www.tesco.com/groceries/en-GB/products/264177046,https://digitalcontent.api.tesco.com/v2/media/ghs/0b53a64a-4dd2-4882-a626-52829329c55b/f9832d79-3eaf-4c1e-abe1-f7d9b822a418_1126658505.jpeg?h=225&w=225,Food Cupboard,Free From
268890894,Schar Crispbread 150g,£1.50,£1.00/100g,,,False,,False,4.1,24,False,https://www.tesco.com/groceries/en-GB/products/268890894,https://digitalcontent.api.tesco.com/v2/media/ghs/4f811c96-0145-48c5-8ee1-d95793361362/029bc427-d8af-4a9f-bbbd-a942436dc312_1948817347.jpeg?h=225&w=225,Food Cupboard,Free From
304786128,Schar Gluten-Free Jaffa Cakes 150g,£1.40,£0.93/100g,,,False,,False,2.8,20,False,https://www.tesco.com/groceries/en-GB/products/304786128,https://digitalcontent.api.tesco.com/v2/media/ghs/10a3edb3-b4bd-4678-9d82-2adfbf3c71e2/0c3c89de-36b1-4bea-9d3f-76a9a7ec1160_1386495740.jpeg?h=225&w=225,Food Cupboard,Free From
310167392,Mrs Crimble's Gluten Free Chocolate Coconut Macaroons 6 Pack 195g,£1.50,£0.77/100g,£1.25 Clubcard Price,(£0.64/100g),True,Offer valid for delivery from 11/03/2025 until 21/04/2025,False,4.5,12,False,https://www.tesco.com/groceries/en-GB/products/310167392,https://digitalcontent.api.tesco.com/v2/media/ghs/dba518fd-d49e-4d94-8f5e-d9dab2bb0637/a412cd3e-bbc2-4ab0-b550-e8488f14437b_1057914355.jpeg?h=225&w=225,Food Cupboard,Free From
300832622,Tesco Free From Stem Ginger Cookies 150g,£1.55,£1.03/100g,,,False,,False,3.4,63,False,https://www.tesco.com/groceries/en-GB/products/300832622,https://digitalcontent.api.tesco.com/v2/media/ghs/63f0345f-2edf-4048-b111-f5dd4dcac44c/8a66c816-8280-4972-a0ec-8053c4e4f8b4.jpeg?h=225&w=225,Food Cupboard,Free From
300809651,Tesco Free From Red Pesto 190G,£1.10,£0.58/100g,,,False,,False,4.4,29,False,https://www.tesco.com/groceries/en-GB/products/300809651,https://digitalcontent.api.tesco.com/v2/media/ghs/219920c1-cdc5-4386-9059-71f2bb2649de/4c107c94-7d76-4caa-a2fd-f6a94557586e_92088199.jpeg?h=225&w=225,Food Cupboard,Free From
297387703,Tesco Free From Gravy Granules For Chicken 170g,£1.50,£0.88/100g,,,False,,False,3.9,28,False,https://www.tesco.com/groceries/en-GB/products/297387703,https://digitalcontent.api.tesco.com/v2/media/ghs/0da4a34f-88a8-4b82-93de-cbc36c7dc85e/f28d4c24-34d8-4239-98e7-435eecd7293d_1510460363.jpeg?h=225&w=225,Food Cupboard,Free From
267278966,Tesco Free From Chocolate Bar 35G,£0.70,£2.00/100g,,,False,,False,3.4,16,False,https://www.tesco.com/groceries/en-GB/products/267278966,https://digitalcontent.api.tesco.com/v2/media/ghs/85bf435a-f8ab-467b-84df-dc29f4094bac/7ad2d4cc-3407-4c28-b01b-19af32b45d71_82887803.jpeg?h=225&w=225,Food Cupboard,Free From
291359787,Tesco Free From Gravy Granules For Beef 170g,£1.50,£0.88/100g,,,False,,False,,31,False,https://www.tesco.com/groceries/en-GB/products/291359787,https://digitalcontent.api.tesco.com/v2/media/ghs/a74cda53-1aaf-41f4-9ac8-be4844086f98/ec90f5c7-f7c2-4618-8921-71267f7c7072_435795593.jpeg?h=225&w=225,Food Cupboard,Free From
276605133,Tesco Free From White Sliced Bread 550g,£1.95,£0.36/100g,,,False,,False,2.8,48,False,https://www.tesco.com/groceries/en-GB/products/276605133,https://digitalcontent.api.tesco.com/v2/media/ghs/d85ce4da-b9a2-4638-bc95-bc79d8be5a92/7fdaf3bf-b4fd-4277-8266-5715ae1f806f.jpeg?h=225&w=225,Food Cupboard,Free From
267280016,Tesco Free From Pure Oats 450G,£1.70,£0.38/100g,,,False,,False,4.4,52,False,https://www.tesco.com/groceries/en-GB/products/267280016,https://digitalcontent.api.tesco.com/v2/media/ghs/0afb3a42-c8d0-4916-b2fc-f1371c0f3b96/b175f594-9308-4884-8082-2f8244ce2ba5_1610540806.jpeg?h=225&w=225,Food Cupboard,Free From
259623436,Tesco Free From Belgian Chocolate Wafers 107G,£1.80,£1.68/100g,,,False,,False,4.3,44,False,https://www.tesco.com/groceries/en-GB/products/259623436,https://digitalcontent.api.tesco.com/v2/media/ghs/7a8d6f7e-3f46-4cc1-bf3a-7caa7309f319/fd7132cc-aa0d-47bc-a3d7-013e0495fadc.jpeg?h=225&w=225,Food Cupboard,Free From
291368471,Tesco Free From Chocolate Digestives 200G,£2.00,£1.00/100g,,,False,,False,,37,False,https://www.tesco.com/groceries/en-GB/products/291368471,https://digitalcontent.api.tesco.com/v2/media/ghs/f85517b1-3a9a-4eae-9240-700e052b84c0/86e50da0-ca1b-4fcc-b760-543a0765e57b_376414299.jpeg?h=225&w=225,Food Cupboard,Free From
282446277,Tesco Free From White Choc Buttons 25g,£0.60,£2.40/100g,,,False,,False,4.6,18,False,https://www.tesco.com/groceries/en-GB/products/282446277,https://digitalcontent.api.tesco.com/v2/media/ghs/82bb9f4a-d6f8-45bc-bf02-70bb320aa375/28d87983-6e77-4d25-9c93-5b32c35764de_2026247750.jpeg?h=225&w=225,Food Cupboard,Free From
264890284,Tesco Free From Lasagne Sheets 250G,£0.75,£3.00/kg,,,False,,False,3.8,25,False,https://www.tesco.com/groceries/en-GB/products/264890284,https://digitalcontent.api.tesco.com/v2/media/ghs/038a1a12-3503-433f-acf4-826c4c268968/7f946e93-6ad1-4695-aa78-f0bff903c8fb_2126472641.jpeg?h=225&w=225,Food Cupboard,Free From
282073090,Genius Gluten Free Cinnamon & Raisin Spicy Loaf 400g,£3.10,£0.78/100g,,,False,,False,4.7,16,False,https://www.tesco.com/groceries/en-GB/products/282073090,https://digitalcontent.api.tesco.com/v2/media/ghs/e62011e6-85ee-41c4-adc1-25e5e5a1e003/c4f3a5c9-94f9-4e7c-8c3c-e30543ac77e4.jpeg?h=225&w=225,Food Cupboard,Free From
302385928,Warburtons Gluten Free White Sourdough Bloomer 400g,£3.50,£0.88/100g,,,False,,False,3.7,28,False,https://www.tesco.com/groceries/en-GB/products/302385928,https://digitalcontent.api.tesco.com/v2/media/ghs/1742a602-91df-42fd-aa47-0612911df05d/92452c4a-2ad4-4324-90b0-4a8a8ab5c7ff.jpeg?h=225&w=225,Food Cupboard,Free From
299445102,BFree Bake at Home White Demi Baguettes 2 Pack 220g,£3.10,£1.41/100g,,,False,,False,2.8,21,False,https://www.tesco.com/groceries/en-GB/products/299445102,https://digitalcontent.api.tesco.com/v2/media/ghs/aa0ad745-075c-4714-b770-c2af014c5e55/a9f2bb57-c2b8-4d1d-9fe6-a152e2944467_1242793147.jpeg?h=225&w=225,Food Cupboard,Free From
304791663,Schar Gluten Free Curvies Potato Snack - Original 170g,£3.25,£1.91/100g,,,False,,False,4.1,17,False,https://www.tesco.com/groceries/en-GB/products/304791663,https://digitalcontent.api.tesco.com/v2/media/ghs/083736f6-3d25-4413-bca7-6348d171b298/f090b483-e890-4c33-ba0f-c4c635f610e4_781382392.jpeg?h=225&w=225,Food Cupboard,Free From
276783813,Kikkoman Tamari Gluten Free Soy Sauce 250Ml,£3.00,£1.20/100ml,,,False,,False,4.5,20,False,https://www.tesco.com/groceries/en-GB/products/276783813,https://digitalcontent.api.tesco.com/v2/media/ghs/b81b2604-474a-4948-9e50-0c299a007fad/2b3e5963-69a0-438d-858c-892d3e0e23ff_1274570308.jpeg?h=225&w=225,Food Cupboard,Free From
310190490,Tesco Free From Chocolate Cornflake Clusters 16 Pack,£3.65,£0.23/each,,,False,,False,4.3,45,False,https://www.tesco.com/groceries/en-GB/products/310190490,https://digitalcontent.api.tesco.com/v2/media/ghs/db3f362b-8ebf-40cd-802d-d023fca7b4ce/701ddc8b-b595-436b-babd-6a69c5ab0421.jpeg?h=225&w=225,Food Cupboard,Free From
301227329,Old El Paso Gluten Free Tortillas 216g,£3.00,£1.39/100g,,,False,,False,4.3,43,False,https://www.tesco.com/groceries/en-GB/products/301227329,https://digitalcontent.api.tesco.com/v2/media/ghs/4eb97f05-f0c5-4978-985f-830af7082e13/e5b1aaaf-df94-42ff-a997-986bea4c588b_1001609810.jpeg?h=225&w=225,Food Cupboard,Free From
297609673,Paxo Gluten Free Stuffing Mix - Sage & Onion 150g,£3.00,£2.00/100g,,,False,,False,4.7,34,False,https://www.tesco.com/groceries/en-GB/products/297609673,https://digitalcontent.api.tesco.com/v2/media/ghs/090b5531-06e6-4ce1-9c35-7a7263b38bd3/dfc37785-0afc-4ad5-83ed-e8363fc67778_805784794.jpeg?h=225&w=225,Food Cupboard,Free From
301810791,Genius Gluten Free Brioche Style Burger Buns 2 Pack,£2.00,£1.00/each,,,False,,False,3.5,46,False,https://www.tesco.com/groceries/en-GB/products/301810791,https://digitalcontent.api.tesco.com/v2/media/ghs/70387cf1-0652-4cdc-a41b-735126bb8346/99606739-880c-42c2-b5e9-a48b524fe9c0_128065589.jpeg?h=225&w=225,Food Cupboard,Free From
279568413,Nakd Cocoa Orange Fruit & Nut Bars 4 Pack 140g,£3.00,£2.14/100g,£2.25 Save 25% Clubcard Price,(£1.61/100g),True,Offer valid for delivery from 16/04/2025 until 25/05/2025,False,4.6,32,False,https://www.tesco.com/groceries/en-GB/products/279568413,https://digitalcontent.api.tesco.com/v2/media/ghs/438d7219-1751-4957-acae-f4804eea6dc3/d0dea843-017c-48e1-8417-71f179731fde_950250721.jpeg?h=225&w=225,Food Cupboard,Free From
311437434,Plenish Organic Almond Longlife Dairy Free Drink 1L,£2.25,£2.25/litre,,,False,,False,4.2,24,False,https://www.tesco.com/groceries/en-GB/products/311437434,https://digitalcontent.api.tesco.com/v2/media/ghs/b6ef7455-8de9-40c2-b794-8f0164e87ab9/0315309c-b652-4c04-aaff-bf17e62da10e.jpeg?h=225&w=225,Food Cupboard,Free From
304799856,Alpro High Protein Soya Original Long Life Dairy Free Drink 1L,£2.30,£2.30/litre,,,False,,False,4.5,57,False,https://www.tesco.com/groceries/en-GB/products/304799856,https://digitalcontent.api.tesco.com/v2/media/ghs/ed50e914-902e-4cf0-b43b-2ce794963457/a4e4abeb-7a98-413f-9461-67fd77066b9f.jpeg?h=225&w=225,Food Cupboard,Free From
291443226,Genius Gluten Free Pancakes 6 pack,£2.25,£0.38/each,,,False,,False,3.2,12,False,https://www.tesco.com/groceries/en-GB/products/291443226,https://digitalcontent.api.tesco.com/v2/media/ghs/ff00e6ae-74e7-4270-adeb-c4a92e34a159/83a0e17b-d5ab-4f01-a1a6-e27a17aae800.jpeg?h=225&w=225,Food Cupboard,Free From
304797893,Alpro 50g High Protein Soya Chocolate Flavour Long Life Dairy Free Drink 1L,£2.30,£2.30/litre,,,False,,False,4.6,58,False,https://www.tesco.com/groceries/en-GB/products/304797893,https://digitalcontent.api.tesco.com/v2/media/ghs/e15e55d5-85f8-49b9-98ef-230be5b016d9/e86235bf-012b-4dfa-8857-93df1fc89502.jpeg?h=225&w=225,Food Cupboard,Free From
301767513,Warburtons Gluten Free White Wraps 4 Pack,£2.60,£0.65/each,Any 2 for £4.90 Clubcard Price - Selected Warburton,,True,Offer valid for delivery from 01/04/2025 until 21/04/2025,False,3.6,15,False,https://www.tesco.com/groceries/en-GB/products/301767513,https://digitalcontent.api.tesco.com/v2/media/ghs/37b072a3-1f6e-4e5d-b765-d9cc91303fc8/9dde25e9-9cee-411a-b0b5-8e571c6399c2.jpeg?h=225&w=225,Food Cupboard,Free From
291359349,Nairns Gluten Free Scottish Porridge 450G,£2.20,£0.49/100g,,,False,,False,,5,False,https://www.tesco.com/groceries/en-GB/products/291359349,https://digitalcontent.api.tesco.com/v2/media/ghs/28bff359-f4ea-4a25-999b-94ff0db892c4/0a658432-6619-491a-a15b-e17ff471589c_1284633253.jpeg?h=225&w=225,Food Cupboard,Free From
291228401,Schar Buckwheat Brown Ciabatta Rolls 200g,£2.40,£1.20/100g,£2.00 Clubcard Price,(£1.00/100g),True,Offer valid for delivery from 01/04/2025 until 21/04/2025,False,4.4,10,False,https://www.tesco.com/groceries/en-GB/products/291228401,https://digitalcontent.api.tesco.com/v2/media/ghs/6fa3edb7-5e06-4073-9d00-9853d30742ca/a81f4492-079b-4c1d-a3ee-e84a64250f57_2107338530.jpeg?h=225&w=225,Food Cupboard,Free From
304383599,TREK Protein Flapjacks - Salted Caramel 3 Pack 50g,£3.60,£2.40/100g,,,False,,False,,5,False,https://www.tesco.com/groceries/en-GB/products/304383599,https://digitalcontent.api.tesco.com/v2/media/ghs/7ae3e53d-0089-4166-92c5-887c6855ddf1/85aad795-6b5e-4602-bf89-c67dfddf6327_1894816021.jpeg?h=225&w=225,Food Cupboard,Free From
303917339,Alpro Coconut No Sugar Long Life Dairy Free Drink 1L,£2.10,£2.10/litre,,,False,,False,,56,False,https://www.tesco.com/groceries/en-GB/products/303917339,https://digitalcontent.api.tesco.com/v2/media/ghs/e3175aca-8cdc-4cff-a5dc-04f5c567fa8f/c99aeae9-6e1f-4b1a-a2c0-ea28ae30902a.jpeg?h=225&w=225,Food Cupboard,Free From
304795958,New York Bakery Co. Gluten Free Plain Bagels 4 Pack,£2.70,£0.68/each,,,False,,False,3.2,30,False,https://www.tesco.com/groceries/en-GB/products/304795958,https://digitalcontent.api.tesco.com/v2/media/ghs/195a2569-e20b-49c3-9de9-f75eee7ef32b/f8fbbdb1-9684-4328-ba01-0e2538486d98.jpeg?h=225&w=225,Food Cupboard,Free From
284904542,Alpro Coconut Long Life Drink 1L,£2.10,£2.10/litre,,,False,,False,,51,False,https://www.tesco.com/groceries/en-GB/products/284904542,https://digitalcontent.api.tesco.com/v2/media/ghs/ef16ea3e-a8d0-4659-ac8f-8551d47a0e65/037e251c-b5b7-4d1e-b9a7-34c092251354.jpeg?h=225&w=225,Food Cupboard,Free From
272012817,Alpro Hazelnut Longlife Drink Alternative 1 Litre,£2.10,£2.10/litre,,,False,,False,4.4,48,False,https://www.tesco.com/groceries/en-GB/products/272012817,https://digitalcontent.api.tesco.com/v2/media/ghs/d36250d3-d599-4e2d-9c16-a31311f9cecb/f1ba2c09-5e77-42cb-a7c5-3b1316829b2a.jpeg?h=225&w=225,Food Cupboard,Free From
304378272,Tesco Free From Oat Shortbread Rounds 160g,£1.95,£1.22/100g,,,False,,False,,64,False,https://www.tesco.com/groceries/en-GB/products/304378272,https://digitalcontent.api.tesco.com/v2/media/ghs/37baf385-072a-498e-9e59-a341eba734c2/d6e1d6a0-1749-477e-8986-e5a078bd74da_649746789.jpeg?h=225&w=225,Food Cupboard,Free From
277181971,Nairn's Gluten Free Biscuit Breaks - Oats & Fruit 160g,£2.10,£1.31/100g,,,False,,False,4.6,12,False,https://www.tesco.com/groceries/en-GB/products/277181971,https://digitalcontent.api.tesco.com/v2/media/ghs/9a8af30e-44be-434c-b56c-3148f9c9fc40/168aefb9-61f9-4910-904a-e6a04e9e54be_2135354677.jpeg?h=225&w=225,Food Cupboard,Free From
303579681,Tesco Free From White Tortilla Wraps 4 pack,£2.45,£0.61/each,,,False,,False,2.8,38,False,https://www.tesco.com/groceries/en-GB/products/303579681,https://digitalcontent.api.tesco.com/v2/media/ghs/977c119c-50cb-4193-a9c1-fe9a023404ca/8bceaebc-c25c-40ba-8984-dd375a51601d.jpeg?h=225&w=225,Food Cupboard,Free From
254881264,Knorr Lamb Stock Cubes 8x10g,£2.00,£2.50/100g,,,False,,False,,47,False,https://www.tesco.com/groceries/en-GB/products/254881264,https://digitalcontent.api.tesco.com/v2/media/ghs/534457f5-cd52-4f8f-ac27-240fd4f20e70/745acdbc-21d8-4fdc-adf2-f3d60eea02e9_600881358.jpeg?h=225&w=225,Food Cupboard,Free From
293163427,Tesco Free From Gluten Syrup Porridge Pot 55G,£0.75,£1.36/100g,,,False,,False,2.5,22,False,https://www.tesco.com/groceries/en-GB/products/293163427,https://digitalcontent.api.tesco.com/v2/media/ghs/5f0f854b-e960-4713-848e-ed9991e2d9c4/d4ecff0f-29a6-4083-92cf-8aa730b84eb4_15706337.jpeg?h=225&w=225,Food Cupboard,Free From
293163525,Tesco Free From Original Porridge Pot 55G,£0.75,£1.36/100g,,,False,,False,3.4,18,False,https://www.tesco.com/groceries/en-GB/products/293163525,https://digitalcontent.api.tesco.com/v2/media/ghs/d4f45a66-be05-42a7-b726-c43c25b4053a/0e65a39a-90e0-4d70-bdfd-f4f9588c7e10_42899448.jpeg?h=225&w=225,Food Cupboard,Free From
304783080,Alpro Barista Almond Long Life Dairy Free Drink 1L,£2.10,£2.10/litre,£1.40 Save 1/3 Clubcard Price,(£1.40/litre),True,Offer valid for delivery from 31/03/2025 until 21/04/2025,False,4.2,53,False,https://www.tesco.com/groceries/en-GB/products/304783080,https://digitalcontent.api.tesco.com/v2/media/ghs/18737b5b-f355-4125-a0ee-6fb96ba1f2c3/80601352-0da5-4cfb-84ca-c015cc5a36b9.jpeg?h=225&w=225,Food Cupboard,Free From
264767990,Knorr Vegetable Stock Cubes 20 x 10g,£2.50,£1.25/100g,,,False,,False,4.4,164,False,https://www.tesco.com/groceries/en-GB/products/264767990,https://digitalcontent.api.tesco.com/v2/media/ghs/1a323b46-9f07-482c-9abe-5ab5047ba6c0/13d3b55f-7996-405c-8ef4-81c7d82d1cb9_1227770233.jpeg?h=225&w=225,Food Cupboard,Free From
264768009,Knorr Chicken Stock Cubes 20 x 10g,,,,,False,,False,4.5,221,False,https://www.tesco.com/groceries/en-GB/products/264768009,https://digitalcontent.api.tesco.com/v2/media/ghs/4c1b2128-b02b-44c9-992b-84dd72f15807/93bbb9ca-ae98-402a-878b-4b7754378d80_1977068091.jpeg?h=225&w=225,Food Cupboard,Free From
304387042,Tesco Free From Swirly Chocolate Wafers 4 Pack 27g,£2.20,£2.04/100g,,,False,,False,4.9,60,False,https://www.tesco.com/groceries/en-GB/products/304387042,https://digitalcontent.api.tesco.com/v2/media/ghs/c6420f8f-0d64-45ae-8176-a02f1d658c8f/cce5608b-095b-4483-bc2c-3ca05b48e444_1351301709.jpeg?h=225&w=225,Food Cupboard,Free From
292975862,Knorr Lamb Stock Pot 4x28g,£1.90,£1.70/100g,£1.25 Save 1/3 Clubcard Price,(£1.12/100g),True,Offer valid for delivery from 19/03/2025 until 22/04/2025,False,4.1,40,False,https://www.tesco.com/groceries/en-GB/products/292975862,https://digitalcontent.api.tesco.com/v2/media/ghs/eae62b3e-f608-421e-9aa4-06279b59c547/41cb7704-c81f-4179-be86-d3f892ad0ecd_1517842969.jpeg?h=225&w=225,Food Cupboard,Free From
308097160,Tesco Free From Bacon Rashers Snacks 150g,£1.40,£0.93/100g,,,False,,False,4.6,39,False,https://www.tesco.com/groceries/en-GB/products/308097160,https://digitalcontent.api.tesco.com/v2/media/ghs/0d6b8f07-f22a-4842-9305-77c0fde61136/ba22b439-58fc-4719-8ddc-754eea559eef_523603849.jpeg?h=225&w=225,Food Cupboard,Free From
284385005,Tesco Free From Caramel Rice Cakes 165G,£1.50,£0.91/100g,,,False,,False,4.3,23,False,https://www.tesco.com/groceries/en-GB/products/284385005,https://digitalcontent.api.tesco.com/v2/media/ghs/6bcac069-2c64-4349-a792-ba6832cfef29/f49070cc-a21a-4885-8189-369bd08f36cb_1243608857.jpeg?h=225&w=225,Food Cupboard,Free From
294793630,Tesco Free From Syrup Sponge 115G,£1.25,£1.09/100g,,,False,,False,4.5,31,False,https://www.tesco.com/groceries/en-GB/products/294793630,https://digitalcontent.api.tesco.com/v2/media/ghs/86d74a88-7423-41e7-97ff-6f4a283bd042/7f95eece-2b05-4232-873d-c6d5ccc926d7_2020217319.jpeg?h=225&w=225,Food Cupboard,Free From
294793618,Tesco Free From Chocolate Sponge 115G,£1.25,£1.09/100g,,,False,,False,4.1,38,False,https://www.tesco.com/groceries/en-GB/products/294793618,https://digitalcontent.api.tesco.com/v2/media/ghs/e6f9ee3f-f472-4bad-baff-9ecd2b1595fc/f06bed4d-3274-4552-b739-b7575dfe1194_606452173.jpeg?h=225&w=225,Food Cupboard,Free From
282513296,Tesco Free From Choco-Nut Pillows 300G,£1.95,£0.65/100g,,,False,,False,3.6,31,False,https://www.tesco.com/groceries/en-GB/products/282513296,https://digitalcontent.api.tesco.com/v2/media/ghs/1eaec1d2-aa8d-4c37-92f6-3b38db43658e/adda3ff2-571b-4d62-8f8a-12a704f75779.jpeg?h=225&w=225,Food Cupboard,Free From
304376723,Tesco Free From Worcester Sauce 150Ml,£1.00,£0.67/100ml DR.WT,,,False,,False,3.8,24,False,https://www.tesco.com/groceries/en-GB/products/304376723,https://digitalcontent.api.tesco.com/v2/media/ghs/d403d8e9-1a14-4348-93aa-28b8c2a1645d/abaabba4-f504-4835-9985-32518236539e_1985283115.jpeg?h=225&w=225,Food Cupboard,Free From
307745242,Tesco Free From Bourbon Creams Biscuits 150g,£1.30,£0.87/100g,,,False,,False,3.8,27,False,https://www.tesco.com/groceries/en-GB/products/307745242,https://digitalcontent.api.tesco.com/v2/media/ghs/330794f2-27e7-49bc-affb-fcdfa907bace/db53e01f-8e58-448a-baf1-eb871f20fbb0_1231124901.jpeg?h=225&w=225,Food Cupboard,Free From
287546940,Tesco Free From White Lasagne Sauce 480G,£1.30,£0.27/100g,,,False,,False,2.7,32,False,https://www.tesco.com/groceries/en-GB/products/287546940,https://digitalcontent.api.tesco.com/v2/media/ghs/5817ba5f-c70b-418c-98ac-0ae6b3b8b643/5d4626f0-ddef-429c-b9ee-53a3b94a9c3e_1200313209.jpeg?h=225&w=225,Food Cupboard,Free From
304377434,Mrs Crimble's Gluten Free Vegan Chocolate Coconut Macaroons 195g,£1.50,£0.77/100g,,,False,,False,,22,False,https://www.tesco.com/groceries/en-GB/products/304377434,https://digitalcontent.api.tesco.com/v2/media/ghs/9fc85051-8950-4075-8119-40ca8676c2f2/0da59bad-07da-4df3-b64d-1d35da4c268b_1261574448.jpeg?h=225&w=225,Food Cupboard,Free From
291359833,Tesco Free From Vegetable Gravy 170G,£1.50,£0.88/100g,,,False,,False,3.6,20,False,https://www.tesco.com/groceries/en-GB/products/291359833,https://digitalcontent.api.tesco.com/v2/media/ghs/d98e7f64-7298-4468-bc7e-46e0e01d4f11/62feb122-1ca9-4032-ad18-8d18c13eb0e7_305059784.jpeg?h=225&w=225,Food Cupboard,Free From
293163738,Tesco Free From Nacho Cheese Tortilla Chips 200g,£1.10,£0.55/100g,,,False,,False,4.3,44,False,https://www.tesco.com/groceries/en-GB/products/293163738,https://digitalcontent.api.tesco.com/v2/media/ghs/4e4c5fab-9a7e-4db5-bb9d-4795283ffcbf/9dc7e466-02c8-4c92-a26e-6dab25627a8f_722306146.jpeg?h=225&w=225,Food Cupboard,Free From
304410418,Tesco Free From Onion Maize Snack Rings 150g,£1.40,£0.93/100g,,,False,,False,4.3,19,False,https://www.tesco.com/groceries/en-GB/products/304410418,https://digitalcontent.api.tesco.com/v2/media/ghs/ce8fbeeb-ff2e-4c2b-8291-af7e7597f2a9/a9b648b1-3697-4531-be5d-b4292280bff7_7409728.jpeg?h=225&w=225,Food Cupboard,Free From
300884502,Tesco Free From Chilli & Lime Tortilla Chips 200g,£1.10,£0.55/100g,,,False,,False,4.8,36,False,https://www.tesco.com/groceries/en-GB/products/300884502,https://digitalcontent.api.tesco.com/v2/media/ghs/07c05daf-438e-41f2-8484-89e14b39d510/cc46761b-1299-4654-8223-ca1819b28d0c_1944105707.jpeg?h=225&w=225,Food Cupboard,Free From
281509384,Tesco Free From Brown Sliced Bread 550g,£1.95,£0.36/100g,,,False,,False,2.4,47,False,https://www.tesco.com/groceries/en-GB/products/281509384,https://digitalcontent.api.tesco.com/v2/media/ghs/d5aa3348-496d-4d5e-8fc1-776c4a370a15/4a994457-a051-485e-b8c2-db9110c05ebb.jpeg?h=225&w=225,Food Cupboard,Free From
298115300,BFree Stone Baked Pizza Bases 360g,£4.00,£1.11/100g,,,False,,False,3.4,29,False,https://www.tesco.com/groceries/en-GB/products/298115300,https://digitalcontent.api.tesco.com/v2/media/ghs/fa87a415-da80-4a28-a93d-727734cafd74/a93889db-973d-4ed6-a4dc-424f3c8f8a4c_135315652.jpeg?h=225&w=225,Food Cupboard,Free From
283949873,Sacla Vegan Basil Pesto 190G,£3.10,£1.63/100g,,,False,,False,3.6,8,False,https://www.tesco.com/groceries/en-GB/products/283949873,https://digitalcontent.api.tesco.com/v2/media/ghs/243f8cc9-2b8c-4f54-821d-0aa53aa692fc/af8a5bd5-1a65-4ee9-a443-73e8de7d2248_734892469.jpeg?h=225&w=225,Food Cupboard,Free From
304780751,Schar Gluten Free Curvies BBQ Potato Snack 170g,£3.25,£1.91/100g,,,False,,False,3.6,5,False,https://www.tesco.com/groceries/en-GB/products/304780751,https://digitalcontent.api.tesco.com/v2/media/ghs/6479ce6d-782e-44fa-a922-c7091395b989/4bb51617-45f3-40e6-8daa-774d94eaf16a_424758873.jpeg?h=225&w=225,Food Cupboard,Free From
273667363,Natures Path Organic Gluten Free Mesa Sunrise Cereal 355G,£3.50,£0.99/100g,£3.00 Clubcard Price,(£0.85/100g),True,Offer valid for delivery from 16/04/2025 until 13/05/2025,False,4.6,96,False,https://www.tesco.com/groceries/en-GB/products/273667363,https://digitalcontent.api.tesco.com/v2/media/ghs/e68a17c8-2304-4774-ad74-329e80e686aa/dc219a5d-e083-45e5-a843-701ea606c52c_1810630778.jpeg?h=225&w=225,Food Cupboard,Free From
309785179,Mighty Barista M.Lk Uht Drink 1 Litre,£2.00,£2.00/litre,,,False,,False,4.1,122,False,https://www.tesco.com/groceries/en-GB/products/309785179,https://digitalcontent.api.tesco.com/v2/media/ghs/26103d00-08c7-47e1-9398-b6ce3f0a6ccb/b55d5cda-7e14-40e2-8a22-bea5232f8fb3.jpeg?h=225&w=225,Food Cupboard,Free From
310144528,Warburtons Gluten Free Soft Brioche Rolls 4 pack,£2.90,£0.72/each,,,False,,False,3.8,14,False,https://www.tesco.com/groceries/en-GB/products/310144528,https://digitalcontent.api.tesco.com/v2/media/ghs/1e2195a7-48b1-45ab-b869-b90e2d042f32/95ad2d28-3072-4575-ab02-14124c81530f.jpeg?h=225&w=225,Food Cupboard,Free From
310677479,Graze Marmite Crunch Protein Sharing Bag Snack 100G,£2.50,£25.00/kg,,,False,,False,4.4,183,False,https://www.tesco.com/groceries/en-GB/products/310677479,https://digitalcontent.api.tesco.com/v2/media/ghs/3ab1f841-e9ae-427d-88d6-4db0de0a96b7/5288e5d7-167a-4aec-b830-2e189e14b378_786411459.jpeg?h=225&w=225,Food Cupboard,Free From
293378444,Nature's Store Gluten Free Chocolate Spread 350G,£2.50,£0.71/100g,,,False,,False,4.3,32,False,https://www.tesco.com/groceries/en-GB/products/293378444,https://digitalcontent.api.tesco.com/v2/media/ghs/d15e1880-4f6e-4777-96a7-9be730221056/5238f0f7-cd1b-4083-8f04-f257d17a0de3_153081689.jpeg?h=225&w=225,Food Cupboard,Free From
297673670,Schar Gluten Free Waffles 100G,£2.40,£2.40/100g,,,False,,False,4.6,5,False,https://www.tesco.com/groceries/en-GB/products/297673670,https://digitalcontent.api.tesco.com/v2/media/ghs/a624e166-108e-45c9-8868-359814848c47/cbf8f6b8-7da7-4012-ab2c-e0cd1b090a74_800191518.jpeg?h=225&w=225,Food Cupboard,Free From
310111055,Mister Free'd Avocado & Guacamole Tortilla Chips 135g,£2.00,£14.82/kg,,,False,,False,4.5,13,False,https://www.tesco.com/groceries/en-GB/products/310111055,https://digitalcontent.api.tesco.com/v2/media/ghs/c17c5dfd-9903-476f-9788-c6e543206c69/8b5cc4be-17fb-4f07-b8d1-8a6b0660c6a4_1553692988.jpeg?h=225&w=225,Food Cupboard,Free From
256334414,Alpro Soya Drink - Strawberry 3x250ml,£2.10,£2.80/litre,,,False,,False,4.2,100,False,https://www.tesco.com/groceries/en-GB/products/256334414,https://digitalcontent.api.tesco.com/v2/media/ghs/674347ae-bda4-4cdd-9fcd-5ebf4ce30319/d241e920-35e4-45ab-92f6-55e900d31bc0_2019502732.jpeg?h=225&w=225,Food Cupboard,Free From
307132944,TREK Protein Flapjacks - White Chocolate & Raspberry 3 Pack 50g,£3.60,£2.40/100g,,,False,,False,,3,False,https://www.tesco.com/groceries/en-GB/products/307132944,https://digitalcontent.api.tesco.com/v2/media/ghs/9bfc98c6-e671-4ab3-8387-c7f324705939/483e651e-8f3f-467f-94d3-8e7b9268e918_760652805.jpeg?h=225&w=225,Food Cupboard,Free From
306052297,Nestle GoFree Crisp Rice Cereal 350g,£2.50,£0.71/100g,,,False,,False,4.6,198,False,https://www.tesco.com/groceries/en-GB/products/306052297,https://digitalcontent.api.tesco.com/v2/media/ghs/0dac46c8-5079-4c06-a387-9361d7671700/33b3649a-910c-4a5d-a51c-b7784d6e0d34_1015729405.jpeg?h=225&w=225,Food Cupboard,Free From
301804113,Nairn's Gluten Free Rosemary & Sea Salt Flatbreads 150g,£2.00,£1.33/100g,,,False,,False,4.3,14,False,https://www.tesco.com/groceries/en-GB/products/301804113,https://digitalcontent.api.tesco.com/v2/media/ghs/a936c34a-e0e6-42ec-b4a5-18b80c508fe5/40f2aabc-cb15-4c60-b145-ca3405b2e33c_1497001654.jpeg?h=225&w=225,Food Cupboard,Free From
254017373,Alpro Caramel Dairy Free Vegan Soya Dessert 4x125g,£1.85,£0.37/100g,,,False,,False,4.3,70,False,https://www.tesco.com/groceries/en-GB/products/254017373,https://digitalcontent.api.tesco.com/v2/media/ghs/2578412e-3b05-4a1a-88a1-a3c657e557ee/228d9402-0d08-47ab-9334-5e821e8eb5b9.jpeg?h=225&w=225,Food Cupboard,Free From
266712608,Tesco Free From Cherry Bakewell Tarts 4 Pack,£2.35,£0.59/each,,,False,,False,2.9,48,False,https://www.tesco.com/groceries/en-GB/products/266712608,https://digitalcontent.api.tesco.com/v2/media/ghs/6beb8a2d-9606-43b2-b9d6-79355a711034/ef686647-501c-4dae-ab06-d412a2e2ebc5.jpeg?h=225&w=225,Food Cupboard,Free From
296384345,Nairn's Gluten Free Oat Biscuit Breaks 160g,£2.10,£1.31/100g,,,False,,False,4.3,12,False,https://www.tesco.com/groceries/en-GB/products/296384345,https://digitalcontent.api.tesco.com/v2/media/ghs/1dad2a5f-38ab-4bdd-9b79-28179614b700/3673f0b3-afe6-4e05-ac6c-13e01de318c9_24803857.jpeg?h=225&w=225,Food Cupboard,Free From
309171709,Oatly Oat Drink Vanilla 1L,£1.90,£1.90/litre,,,False,,False,,3,False,https://www.tesco.com/groceries/en-GB/products/309171709,https://digitalcontent.api.tesco.com/v2/media/ghs/755a77d4-934e-4884-964a-7723e687c6f9/019d2f7f-0ef7-4c03-9842-b6bbdf70f7ef.jpeg?h=225&w=225,Food Cupboard,Free From
297609736,Bisto Gluten Free Gravy Granules 175G,£4.00,£2.29/100g,,,False,,False,4.7,38,False,https://www.tesco.com/groceries/en-GB/products/297609736,https://digitalcontent.api.tesco.com/v2/media/ghs/7ae34335-4ee2-47fe-b94e-441d0358c878/056ea74a-5f8e-43c8-a813-55415d2b780b_1348850059.jpeg?h=225&w=225,Food Cupboard,Free From
310178511,Mrs Crimble's Big Gluten Free Coconut Macaroons 180g,£1.50,£0.83/100g,,,False,,False,3.7,14,False,https://www.tesco.com/groceries/en-GB/products/310178511,https://digitalcontent.api.tesco.com/v2/media/ghs/d48a3435-fc2f-4e9d-ac20-59d3ee35c703/1ae69b7d-7de5-439e-a120-472decdef7a1_1363202594.jpeg?h=225&w=225,Food Cupboard,Free From
293612012,Genius Gluten Free Double Chocolate Muffins 2 Pack,£2.10,£1.05/each,£1.60 Clubcard Price,(£0.80/each),True,Offer valid for delivery from 01/04/2025 until 21/04/2025,False,3.7,14,False,https://www.tesco.com/groceries/en-GB/products/293612012,https://digitalcontent.api.tesco.com/v2/media/ghs/d86dacca-5a1a-45f1-8ff3-1b3d7f135c04/fea9c553-c2ae-40a3-97cf-262dec8f026b.jpeg?h=225&w=225,Food Cupboard,Free From
277407907,Schar Rich Tea Biscuits 125G,£1.60,£1.28/100g,,,False,,False,4.4,7,False,https://www.tesco.com/groceries/en-GB/products/277407907,https://digitalcontent.api.tesco.com/v2/media/ghs/6b02cde9-ae95-4e6d-8aad-65a417fd6f89/4087b317-b7b6-4368-bdd4-8ccca6853189_439620046.jpeg?h=225&w=225,Food Cupboard,Free From
281823783,Tesco Free From Cinnamon Spiced Hot Cross Buns 4 Pack,£2.00,£0.50/each,,,False,,False,4.3,49,False,https://www.tesco.com/groceries/en-GB/products/281823783,https://digitalcontent.api.tesco.com/v2/media/ghs/ae39080c-7a42-4173-b181-ac15074b7054/d05063c9-4447-4561-bb56-bfbf2f7e9f20.jpeg?h=225&w=225,Food Cupboard,Free From
307158885,Moo Free Original Mini Bar 20G,£0.80,£4.00/100g,,,False,,False,3.2,4,False,https://www.tesco.com/groceries/en-GB/products/307158885,https://digitalcontent.api.tesco.com/v2/media/ghs/a2200988-a19c-416b-bf1a-c3e9e72cc01e/c03daf09-b750-4f63-bd10-47d1778d3682_1719430884.jpeg?h=225&w=225,Food Cupboard,Free From
256682675,Tesco Free From Bramley Apple Pies 4 Pack,£2.35,£0.59/each,,,False,,False,4.2,38,False,https://www.tesco.com/groceries/en-GB/products/256682675,https://digitalcontent.api.tesco.com/v2/media/ghs/9138065b-00a5-4af8-ba22-9890c9975ccc/17e0f91a-9dc8-44d2-afe9-cb1608898e4d.jpeg?h=225&w=225,Food Cupboard,Free From
293818967,Tesco Free From Giant Choc Buttons 119g,,,,,False,,False,4.5,19,False,https://www.tesco.com/groceries/en-GB/products/293818967,https://digitalcontent.api.tesco.com/v2/media/ghs/bd17e0c6-0195-4272-8fd0-8d500b52534d/03ed730e-bf1b-48bb-bba4-2e9a07de5560_904362837.jpeg?h=225&w=225,Food Cupboard,Free From
268583267,Tesco Free From Cornflakes 300G,£1.75,£0.58/100g,,,False,,False,3.5,29,False,https://www.tesco.com/groceries/en-GB/products/268583267,https://digitalcontent.api.tesco.com/v2/media/ghs/f09c89f6-7d6a-421e-bfbe-c7936faf9a08/40cb329c-8502-4c40-ac6b-5b681a655215_2038737611.jpeg?h=225&w=225,Food Cupboard,Free From
308109009,KIND Dark Chocolate Nuts & Sea Salt Cereal Bars 3x30g,£3.00,£3.33/100g,£2.00 Save 1/3 Clubcard Price,(£2.22/100g),True,Offer valid for delivery from 26/03/2025 until 22/04/2025,False,4.6,33,False,https://www.tesco.com/groceries/en-GB/products/308109009,https://digitalcontent.api.tesco.com/v2/media/ghs/a58bc2fd-1164-4976-bd30-c79d0d5cd258/bca70c57-8048-410d-8d34-c194b990020a_174104073.jpeg?h=225&w=225,Food Cupboard,Free From
300962433,Tesco Free From Batter Mix 100G,£0.90,£9.00/kg,,,False,,False,3.7,17,False,https://www.tesco.com/groceries/en-GB/products/300962433,https://digitalcontent.api.tesco.com/v2/media/ghs/444fdc9b-dff2-4158-9242-066aa0371d09/05dae5b9-505d-4130-9ef3-8abe015ad2ba_1587917040.jpeg?h=225&w=225,Food Cupboard,Free From
304389996,Tesco Free From Cheese Balls Snacks 150g,£1.40,£0.93/100g,,,False,,False,3.5,44,False,https://www.tesco.com/groceries/en-GB/products/304389996,https://digitalcontent.api.tesco.com/v2/media/ghs/08d7a671-b74d-4227-a8a9-fec601e51884/e129fb93-347d-4062-88de-7126e47dfc61_1149959274.jpeg?h=225&w=225,Food Cupboard,Free From
278437236,Tesco Finest Free From Dark Chocolate Ginger Cookies 150G,£2.70,£1.80/100g,,,False,,False,4.7,38,False,https://www.tesco.com/groceries/en-GB/products/278437236,https://digitalcontent.api.tesco.com/v2/media/ghs/1112c647-9650-47ca-bac9-12af5367f8b4/48ebdfa5-391a-4eec-8245-7110f35346e7.jpeg?h=225&w=225,Food Cupboard,Free From
282513365,Tesco Free From Honey Hoops 300G,£1.75,£0.58/100g,,,False,,False,3.1,25,False,https://www.tesco.com/groceries/en-GB/products/282513365,https://digitalcontent.api.tesco.com/v2/media/ghs/a2d5fe32-c969-4bdb-8f5c-b278d565df6e/4c39ac83-d46d-4923-91ab-df107c209c65_2090141805.jpeg?h=225&w=225,Food Cupboard,Free From
292339182,Tesco Free From White Chocolate Bar 35G,£0.70,£2.00/100g,,,False,,False,4.5,24,False,https://www.tesco.com/groceries/en-GB/products/292339182,https://digitalcontent.api.tesco.com/v2/media/ghs/380b8164-3812-4aa8-8e6b-017cae969192/868854f3-08f1-45ba-ad00-f50748963711_1752737567.jpeg?h=225&w=225,Food Cupboard,Free From
267279176,Tesco Free From Chocolate & Crispie Bar 30G,£0.70,£2.33/100g,,,False,,False,4.3,18,False,https://www.tesco.com/groceries/en-GB/products/267279176,https://digitalcontent.api.tesco.com/v2/media/ghs/58d88187-c2b7-4b05-8be4-21596d7dc129/fbbed413-48d3-4061-b88d-dd2f49d1d1a1_34121064.jpeg?h=225&w=225,Food Cupboard,Free From
300832789,Tesco Free From Chicken & Mushroom Noodle 75G,£1.25,£16.67/kg,,,False,,False,2.9,33,False,https://www.tesco.com/groceries/en-GB/products/300832789,https://digitalcontent.api.tesco.com/v2/media/ghs/7d0ae666-09bd-40c9-945b-77b6429149ae/aa198aaa-618f-4885-bf53-6bd4232ebc63_1980099692.jpeg?h=225&w=225,Food Cupboard,Free From
307148119,Moo Free Bunnycomb Mini Bar 20G,,,,,False,,False,3.8,5,False,https://www.tesco.com/groceries/en-GB/products/307148119,https://digitalcontent.api.tesco.com/v2/media/ghs/91292040-1e20-4705-be26-d754c1838d57/72c829fc-5dc8-44a5-a330-6edd25c5d7c3_802862426.jpeg?h=225&w=225,Food Cupboard,Free From
268583152,Tesco Free From Choco Snaps Cereal 300G,£1.75,£0.58/100g,,,False,,False,,23,False,https://www.tesco.com/groceries/en-GB/products/268583152,https://digitalcontent.api.tesco.com/v2/media/ghs/3e31afd4-5dca-4112-acc9-f80cd903e317/d3b98ecf-9046-451e-9f61-cfe22d707f87_1560749225.jpeg?h=225&w=225,Food Cupboard,Free From
293316449,McVitie's Gluten Free Original Hobnobs Biscuits 150g,£1.80,£1.20/100g,,,False,,False,4.7,55,False,https://www.tesco.com/groceries/en-GB/products/293316449,https://digitalcontent.api.tesco.com/v2/media/ghs/458184e8-aa4e-414b-9c52-a44528be985c/d7df9512-e13d-495e-a7d3-1b147952c3e9_1967560996.jpeg?h=225&w=225,Food Cupboard,Free From
300916760,Tesco Free From Macaroni 500g,£0.75,£1.50/kg,,,False,,False,3.9,23,False,https://www.tesco.com/groceries/en-GB/products/300916760,https://digitalcontent.api.tesco.com/v2/media/ghs/40c12187-7867-4491-b26c-195d4c1faf3b/c620a224-8a62-4bac-8f96-59ff570e4ecf.jpeg?h=225&w=225,Food Cupboard,Free From
282448511,Tesco Free From Conchiglie 500G,£0.75,£1.50/kg,,,False,,False,,25,False,https://www.tesco.com/groceries/en-GB/products/282448511,https://digitalcontent.api.tesco.com/v2/media/ghs/2df8bfbe-9e88-43fd-93b7-07c7b664f25a/2b1a1c40-6cf4-44c4-93d8-0411580e38db_1272623655.jpeg?h=225&w=225,Food Cupboard,Free From
299669125,Old El Paso Gluten Free Fajita Kit 462G,£4.75,£10.28/kg,,,False,,False,4.2,14,False,https://www.tesco.com/groceries/en-GB/products/299669125,https://digitalcontent.api.tesco.com/v2/media/ghs/07011c11-5b88-4d43-b85a-c57e89365e24/68f7a11a-bb70-4c02-9f43-2daccf7c3b20_1570787352.jpeg?h=225&w=225,Food Cupboard,Free From
289842275,Nutribrex Gluten Free Cereal 375G,£4.35,£1.16/100g,,,False,,False,4.2,42,False,https://www.tesco.com/groceries/en-GB/products/289842275,https://digitalcontent.api.tesco.com/v2/media/ghs/da12b673-b7fc-446b-bc1d-77e18f7516b2/a51b5450-4b4b-4670-b8f6-7afbe1d490ef_77829091.jpeg?h=225&w=225,Food Cupboard,Free From
304074752,Promise Gluten FreeBread Multi Grain Loaf 480g,£3.60,£0.75/100g,,,False,,False,4.3,34,False,https://www.tesco.com/groceries/en-GB/products/304074752,https://digitalcontent.api.tesco.com/v2/media/ghs/458b5714-e626-4db9-beb5-85d466648c40/2af076cc-9e34-4c58-b42c-2e09566d7327.jpeg?h=225&w=225,Food Cupboard,Free From
304074406,Promise Gluten Free Soft White Sliced Bread 480g,£3.60,£0.75/100g,,,False,,False,4.4,28,False,https://www.tesco.com/groceries/en-GB/products/304074406,https://digitalcontent.api.tesco.com/v2/media/ghs/ca88961d-f9a8-4987-a152-a468f09d5add/77106532-9369-480f-9e4d-d49512f4c646.jpeg?h=225&w=225,Food Cupboard,Free From
300644089,Tesco Free From Double Chocolate Mini Muffins 12 Pack,,,,,False,,False,4.3,26,False,https://www.tesco.com/groceries/en-GB/products/300644089,https://digitalcontent.api.tesco.com/v2/media/ghs/9cf78e03-a493-4df9-b3ed-cfd84c38b4de/6ef33834-f0e9-484d-8a7c-3ad008649bba.jpeg?h=225&w=225,Food Cupboard,Free From
308495760,Genius Gluten Free Tiger Bread Bloomer Loaf 400g,£3.30,£0.82/100g,,,False,,False,4.2,48,False,https://www.tesco.com/groceries/en-GB/products/308495760,https://digitalcontent.api.tesco.com/v2/media/ghs/df1f38c4-4386-46ec-a435-8a478bb3d147/aacf0aa3-7112-4e16-b19c-97399be36e4d.jpeg?h=225&w=225,Food Cupboard,Free From
293216458,Quaker Oat So Simple Gluten Free Porridge Sachets 10x35g,£3.80,£1.09/100g,,,False,,False,4.4,5,False,https://www.tesco.com/groceries/en-GB/products/293216458,https://digitalcontent.api.tesco.com/v2/media/ghs/f72aac92-9379-4fdf-8b9d-d6541ff5fa84/bf343190-e3e9-4b4a-bd4e-2e4fcf5d8d11_225814324.jpeg?h=225&w=225,Food Cupboard,Free From
308105313,Mighty Pea M.Lk Unsweetened Milk Alternative 1 Litre,£1.90,£1.90/litre,,,False,,False,3.8,115,False,https://www.tesco.com/groceries/en-GB/products/308105313,https://digitalcontent.api.tesco.com/v2/media/ghs/65c79238-755e-49e9-9276-2da932e3fffe/65d55f41-34c0-434e-b09d-521bdd92072d.jpeg?h=225&w=225,Food Cupboard,Free From
299384657,Warburtons Gluten Free White Thins 4 Pack 200g,,,Any 2 for £4.90 Clubcard Price - Selected Warburton,,True,Offer valid for delivery from 01/04/2025 until 21/04/2025,False,,6,False,https://www.tesco.com/groceries/en-GB/products/299384657,https://digitalcontent.api.tesco.com/v2/media/ghs/2458e816-6726-4702-991b-4f8881ed02b1/df9f9c9b-f97e-4cba-95e9-ada236578d74.jpeg?h=225&w=225,Food Cupboard,Free From
310119415,Nature's Path Gluten Free Mixed Berries & Yogurt 300G,£3.50,£1.17/100g DR.WT,£3.00 Clubcard Price,(£1.00/100g DR.WT),True,Offer valid for delivery from 16/04/2025 until 13/05/2025,False,3.5,15,False,https://www.tesco.com/groceries/en-GB/products/310119415,https://digitalcontent.api.tesco.com/v2/media/ghs/04fd07b8-3bf4-470e-bb4f-c5c58d783a0d/99b8b16c-d23a-4e07-8282-073534e45fdc_978087858.jpeg?h=225&w=225,Food Cupboard,Free From
308857049,Buttermilk Plant-Powered Peanut Nougat Choccy Bar 50g,£1.70,£3.40/100g,£1.20 Clubcard Price,(£2.40/100g),True,Offer valid for delivery from 16/04/2025 until 13/05/2025,False,4.8,12,False,https://www.tesco.com/groceries/en-GB/products/308857049,https://digitalcontent.api.tesco.com/v2/media/ghs/34e6217a-f5c4-419f-a8df-2c94babcaa11/3b352b9a-29dd-4fe0-a122-678ee9e6bff8_394488502.jpeg?h=225&w=225,Food Cupboard,Free From
303617280,Tesco Free From Lemon Loaf Cake 6 Serves,£2.75,£2.75/each,,,False,,False,4.2,40,False,https://www.tesco.com/groceries/en-GB/products/303617280,https://digitalcontent.api.tesco.com/v2/media/ghs/92805a7c-6212-484f-bf78-94afbb3da04c/de50cf90-62a3-409f-9bf2-83e48c7e738b.jpeg?h=225&w=225,Food Cupboard,Free From
282622351,Tesco Finest Free From Oat & Raisin Cookies 150G,£2.70,£1.80/100g,,,False,,False,3.8,17,False,https://www.tesco.com/groceries/en-GB/products/282622351,https://digitalcontent.api.tesco.com/v2/media/ghs/a2ff1bfd-2f35-4937-999a-2fcfb4290cdd/847bacb8-9575-4151-84fc-837a267e8cec_1585418052.jpeg?h=225&w=225,Food Cupboard,Free From
303666255,Nomo Free From Fruit Crunch Bar 32G,£1.50,£4.69/100g,,,False,,False,4.4,11,False,https://www.tesco.com/groceries/en-GB/products/303666255,https://digitalcontent.api.tesco.com/v2/media/ghs/3069c6a7-1d36-4b6f-aff9-efbd3ba6c138/31a58c11-d709-4d23-bcc8-9c65b9a17602_1724776412.jpeg?h=225&w=225,Food Cupboard,Free From
292832035,Mrs Crimble's Classic French Madeleines - Gluten Free Sponge Cakes 180g,£2.75,£1.53/100g,,,False,,False,3.8,16,False,https://www.tesco.com/groceries/en-GB/products/292832035,https://digitalcontent.api.tesco.com/v2/media/ghs/6791a477-565a-471a-b5e5-bf8fec374c82/d83322f1-0a45-4cb5-b369-6f37f8aa2c61_85069854.jpeg?h=225&w=225,Food Cupboard,Free From
311260521,Deliciously Ella Nutty Granola 380G,£3.80,£1.00/100g,,,False,,False,4.4,52,False,https://www.tesco.com/groceries/en-GB/products/311260521,https://digitalcontent.api.tesco.com/v2/media/ghs/eface180-6c95-4f7e-9c65-86adcf143115/03ef9ec9-1421-4444-84c4-eb304f7e45df_1115114844.jpeg?h=225&w=225,Food Cupboard,Free From
297557020,"Deliciously Ella Oat Bars - Apple, Raisin & Cinnamon 3 Pack 50g",£2.65,£1.77/100g,£2.10 Clubcard Price,(£1.40/100g),True,Offer valid for delivery from 18/04/2025 until 13/05/2025,False,4.6,5,False,https://www.tesco.com/groceries/en-GB/products/297557020,https://digitalcontent.api.tesco.com/v2/media/ghs/09938768-4e85-4995-9116-41cc4d1d8f69/6487e72c-f29d-4db2-8142-0afed4de89c5_486881672.jpeg?h=225&w=225,Food Cupboard,Free From
299314442,Nakd Blueberry Muffin Raw Fruit & Nut Bar 4x35g,£3.00,£2.14/100g,£2.25 Save 25% Clubcard Price,(£1.61/100g),True,Offer valid for delivery from 16/04/2025 until 25/05/2025,False,4.7,38,False,https://www.tesco.com/groceries/en-GB/products/299314442,https://digitalcontent.api.tesco.com/v2/media/ghs/a74de1a8-7768-4f4e-9ed8-56db4783e754/ec0e66d9-7c9e-417d-b648-d5756fff1fb4_1182810363.jpeg?h=225&w=225,Food Cupboard,Free From
311260164,Deliciously Ella Baked Flapjack Oat Bars - Peanut Butter 3 Pack 50g,£2.65,£1.77/100g,£2.10 Clubcard Price,(£1.40/100g),True,Offer valid for delivery from 18/04/2025 until 13/05/2025,False,4.9,7,False,https://www.tesco.com/groceries/en-GB/products/311260164,https://digitalcontent.api.tesco.com/v2/media/ghs/46f2aefa-efb2-487d-86ee-b0d0526d514c/8bed1f1e-443e-4c93-9c44-5d2643724a5f_1012246618.jpeg?h=225&w=225,Food Cupboard,Free From
303666290,Nomo Free From Chocolate Bar 38G,£1.50,£3.95/100g,,,False,,False,4.4,11,False,https://www.tesco.com/groceries/en-GB/products/303666290,https://digitalcontent.api.tesco.com/v2/media/ghs/4dcff376-1cda-43b7-afe7-e74f46ca94ef/67ce83d0-7afc-49a0-849f-7ffddc94c27a_114475602.jpeg?h=225&w=225,Food Cupboard,Free From
278339174,"Nakd Cocoa Delight Bars - Fruit, Peanut 4 Pack 140g",£3.00,£2.14/100g,£2.25 Save 25% Clubcard Price,(£1.61/100g),True,Offer valid for delivery from 16/04/2025 until 25/05/2025,False,,6,False,https://www.tesco.com/groceries/en-GB/products/278339174,https://digitalcontent.api.tesco.com/v2/media/ghs/d6c2f437-7d79-451b-8242-494fa295c6b9/8ad71774-7fc4-4822-b6ca-4279665bef4c_2040754623.jpeg?h=225&w=225,Food Cupboard,Free From
291513167,Nakd Bakewell Tart Fruit & Nut Bars 4 Pack 140g,£3.00,£2.14/100g,£2.25 Save 25% Clubcard Price,(£1.61/100g),True,Offer valid for delivery from 16/04/2025 until 25/05/2025,False,4.6,8,False,https://www.tesco.com/groceries/en-GB/products/291513167,https://digitalcontent.api.tesco.com/v2/media/ghs/58e39380-0420-48c3-8383-ccb7ddf95242/7dd2dc86-6569-4080-8f39-da4cf5c8d3f3_2047535886.jpeg?h=225&w=225,Food Cupboard,Free From
303617798,BFree Wholegrain Gluten Free Pitta Bread 4 Pack 55g,£2.75,£1.25/100g,,,False,,False,2.5,6,False,https://www.tesco.com/groceries/en-GB/products/303617798,https://digitalcontent.api.tesco.com/v2/media/ghs/20edbbe3-2e52-40e3-87c0-e72c9641b1f2/f4bed1bc-acc3-4da8-a8f2-c56032e50008_1547318706.jpeg?h=225&w=225,Food Cupboard,Free From
287547933,Tesco Free From Salad Cream 440G,£1.90,£0.43/100g,,,False,,False,4.4,40,False,https://www.tesco.com/groceries/en-GB/products/287547933,https://digitalcontent.api.tesco.com/v2/media/ghs/9706abce-5a25-4f18-a5f5-36ebfecf7481/c899748a-21f3-43b1-b085-d6cdaf05b0e2_1918922403.jpeg?h=225&w=225,Food Cupboard,Free From
308451115,KIND Protein Crunchy Peanut Butter Snack bars 3x42g,£3.00,£2.38/100g,£2.50 Clubcard Price,(£1.98/100g),True,Offer valid for delivery from 26/03/2025 until 22/04/2025,False,4.6,7,False,https://www.tesco.com/groceries/en-GB/products/308451115,https://digitalcontent.api.tesco.com/v2/media/ghs/2c48abb3-174d-4c78-82ce-ed5565a22ff6/f79f6104-c523-4866-a422-940f88a4773d_554032560.jpeg?h=225&w=225,Food Cupboard,Free From
307138229,TREK Protein Flapjacks - Smooth Lemon 3 Pack 50g,£3.60,£2.40/100g,,,False,,False,3.6,5,False,https://www.tesco.com/groceries/en-GB/products/307138229,https://digitalcontent.api.tesco.com/v2/media/ghs/d3e06463-ee04-47e3-beb9-b470e98094fe/892fe20e-aa3f-46b3-9c44-5c94b25b4e54_1380554148.jpeg?h=225&w=225,Food Cupboard,Free From
266712960,Tesco Free From Assorted Jam Tarts 6 Pack,£2.35,£0.39/each,,,False,,False,3.7,28,False,https://www.tesco.com/groceries/en-GB/products/266712960,https://digitalcontent.api.tesco.com/v2/media/ghs/50d6c10d-12fb-4f95-8f3b-37b39b39616c/53b33baa-8ea1-4188-a518-e07102414039.jpeg?h=225&w=225,Food Cupboard,Free From
302315166,Schar Gluten Free Melto Chocolate Bar 30G,£1.10,£3.67/100g,,,False,,False,3.8,6,False,https://www.tesco.com/groceries/en-GB/products/302315166,https://digitalcontent.api.tesco.com/v2/media/ghs/fc74a857-b38d-4ae8-8be9-29cec7434228/8c2db667-8c9c-4acf-b59f-7b6698310807_184432362.jpeg?h=225&w=225,Food Cupboard,Free From
255169980,Knorr Fish Stock Cubes 8x10g,£2.00,£2.50/100g,,,False,,False,4.4,41,False,https://www.tesco.com/groceries/en-GB/products/255169980,https://digitalcontent.api.tesco.com/v2/media/ghs/00322f94-27ac-4470-8a41-50adf21dedfd/55cd9e2d-88e6-4023-8586-5376e0433cb2_1424746354.jpeg?h=225&w=225,Food Cupboard,Free From
257123599,Doves Farm Gluten Free White Bread Flour 1Kg,£1.95,£1.95/kg,,,False,,False,,4,False,https://www.tesco.com/groceries/en-GB/products/257123599,https://digitalcontent.api.tesco.com/v2/media/ghs/8256054b-835c-4603-86e7-ce92687eeca9/20c2c2d5-9b52-4807-90c6-75116702a24f_1160938720.jpeg?h=225&w=225,Food Cupboard,Free From
293354392,McVitie's Gluten Free Milk Chocolate Hobnobs Biscuits 150g,£2.75,£1.83/100g,,,False,,False,4.6,54,False,https://www.tesco.com/groceries/en-GB/products/293354392,https://digitalcontent.api.tesco.com/v2/media/ghs/e7368cd4-98cf-46ea-961f-8a839e8a391e/77e270a9-8d78-4201-9e09-2a4fc10da34c_1618976057.jpeg?h=225&w=225,Food Cupboard,Free From
311945063,Deliciously Ella Chocolate Orange Dipped Almonds 27g,£1.50,£5.56/100g,95p Clubcard Price,(£3.52/100g),True,Offer valid for delivery from 17/04/2025 until 13/05/2025,False,3.7,10,False,https://www.tesco.com/groceries/en-GB/products/311945063,https://digitalcontent.api.tesco.com/v2/media/ghs/2df6cce1-12f1-440e-a92f-8493da890afc/c2be32fd-d5d0-47de-961a-3ced46382d49_32722389.jpeg?h=225&w=225,Food Cupboard,Free From
286069135,Genius Gluten Free Blueberry Muffins 2 Pack,£2.10,£1.05/each,£1.60 Clubcard Price,(£0.80/each),True,Offer valid for delivery from 01/04/2025 until 21/04/2025,False,2.4,20,False,https://www.tesco.com/groceries/en-GB/products/286069135,https://digitalcontent.api.tesco.com/v2/media/ghs/c7e9ad19-8a3e-4eea-8f3a-f39a366cd1ee/c1e90757-fa02-460a-b3b8-b206f69044e6.jpeg?h=225&w=225,Food Cupboard,Free From
308830829,Buttermilk Plant-Based Choccy Bar - Caramel Nougat 50g,£1.70,£3.40/100g,£1.20 Clubcard Price,(£2.40/100g),True,Offer valid for delivery from 16/04/2025 until 13/05/2025,False,4.4,11,False,https://www.tesco.com/groceries/en-GB/products/308830829,https://digitalcontent.api.tesco.com/v2/media/ghs/c4ccb06a-8bf7-4c42-862c-274749474384/d79dfa09-cb88-4b54-b8c3-ee8fbcad04bc_1730872227.jpeg?h=225&w=225,Food Cupboard,Free From
308082966,Knorr Zero Salt Chicken Stock Cubes 8x9g,£1.90,£2.64/100g,,,False,,False,4.4,80,False,https://www.tesco.com/groceries/en-GB/products/308082966,https://digitalcontent.api.tesco.com/v2/media/ghs/7188a8ea-70b2-46c3-9ec2-eb6e1150f00a/68fc0a4e-95db-4de7-953d-4c7cbaffa28d_825732764.jpeg?h=225&w=225,Food Cupboard,Free From
301210003,Tesco Free From Cookies & Cream Biscuits 160G,£1.70,£1.06/100g,,,False,,False,4.6,23,False,https://www.tesco.com/groceries/en-GB/products/301210003,https://digitalcontent.api.tesco.com/v2/media/ghs/e41f02c6-cace-4dfe-9356-9c3be3755b79/461e8f46-4a86-4a5d-b49e-f51a29b67037_1457280948.jpeg?h=225&w=225,Food Cupboard,Free From
297754753,Tesco Free From Rice Snaps 300G,,,,,False,,False,3.1,17,False,https://www.tesco.com/groceries/en-GB/products/297754753,https://digitalcontent.api.tesco.com/v2/media/ghs/e03ef9c1-9d6a-43c7-805c-2d212c70c2f1/7be0c969-3eee-45cd-a384-0e3cff0e614d_1462634904.jpeg?h=225&w=225,Food Cupboard,Free From
293318378,Well & Truly Crunchies - Cheesy Baked Corn Snacks 100g,£2.10,£2.10/100g,,,False,,False,4.1,46,False,https://www.tesco.com/groceries/en-GB/products/293318378,https://digitalcontent.api.tesco.com/v2/media/ghs/1502ab03-3bca-4f5f-aa5b-5e7d6093f76d/ca4fbac8-ba72-4bdc-8ae6-a62462e250e9_1556256290.jpeg?h=225&w=225,Food Cupboard,Free From
297461811,Tesco Free From Multigrain Hoops 300G,£1.75,£0.58/100g,,,False,,False,3.7,23,False,https://www.tesco.com/groceries/en-GB/products/297461811,https://digitalcontent.api.tesco.com/v2/media/ghs/c088ea5e-a757-4f5c-affb-2faeabb3f0c0/a9d63c99-6234-453b-bc65-49353993b775.jpeg?h=225&w=225,Food Cupboard,Free From
308083896,Tesco Free From Custard Creams Biscuits 125g,£1.30,£1.04/100g,,,False,,False,3.4,32,False,https://www.tesco.com/groceries/en-GB/products/308083896,https://digitalcontent.api.tesco.com/v2/media/ghs/79c38b59-23e3-42f8-91e6-f795428b60d0/cad533c3-5006-4b85-a5db-a8093708d8a2_974809166.jpeg?h=225&w=225,Food Cupboard,Free From
299668967,Nature's Store Gluten Free Wholegrain Dark Chocolate Rice Cakes 100g,£1.80,£1.80/100g,,,False,,False,,6,False,https://www.tesco.com/groceries/en-GB/products/299668967,https://digitalcontent.api.tesco.com/v2/media/ghs/b60a97e6-180d-4630-8ac5-50cf2770175a/84fb157a-edca-4207-b1d9-ed11de5e87d5_2111746495.jpeg?h=225&w=225,Food Cupboard,Free From
304392571,Tesco Free From Gingerbread Men Biscuits 154g,£1.60,£1.04/100g,,,False,,False,3.6,22,False,https://www.tesco.com/groceries/en-GB/products/304392571,https://digitalcontent.api.tesco.com/v2/media/ghs/6329e5c3-c9bf-4346-8874-f6a7958dea9c/4e87673d-80e6-4be3-9563-355bde55ad26_1599703920.jpeg?h=225&w=225,Food Cupboard,Free From
274899743,Knorr Beef Gravy Pot 4 x 28g,£2.25,£2.01/100g,,,False,,False,4.6,63,False,https://www.tesco.com/groceries/en-GB/products/274899743,https://digitalcontent.api.tesco.com/v2/media/ghs/b4109ee3-4962-4209-adeb-c5ca05b8c4e3/25016466-4032-4e03-8802-6c7dd1689dfd_1378318288.jpeg?h=225&w=225,Food Cupboard,Free From
302280983,Eat Natural Gluten Free Buckwheat Toasted Muesli 500G,£4.70,£0.94/100g,,,False,,False,4.4,14,False,https://www.tesco.com/groceries/en-GB/products/302280983,https://digitalcontent.api.tesco.com/v2/media/ghs/ce443488-a3e7-46f3-97ed-a41594cdd223/2d5101fb-0603-4bba-88cb-e8b3d972d6e2_1743894947.jpeg?h=225&w=225,Food Cupboard,Free From
295432095,Greene King Ipa Gluten Free 500Ml,£2.10,£4.20/litre,,,False,,False,,9,False,https://www.tesco.com/groceries/en-GB/products/295432095,https://digitalcontent.api.tesco.com/v2/media/ghs/c3d3454e-bcaf-4f82-8c94-434a908a9391/5339e17c-0d0e-44ce-9226-a6c942b843a5_145477476.jpeg?h=225&w=225,Food Cupboard,Free From
305941829,Farabella Gf Potato Gnocchi 500G,£3.75,£7.50/kg,£2.75 Save 25% Clubcard Price,(£5.50/kg),True,Offer valid for delivery from 16/04/2025 until 13/05/2025,False,3.5,2,False,https://www.tesco.com/groceries/en-GB/products/305941829,https://digitalcontent.api.tesco.com/v2/media/ghs/9099151d-cc25-4887-9300-10150950cd71/954c5b4c-fa77-450c-98e1-22491aae5862_982623269.jpeg?h=225&w=225,Food Cupboard,Free From
303629755,Tesco Finest Free From Millionaire Shortbread Slices 4 Pack,£3.95,£0.99/each,,,False,,False,4.6,32,False,https://www.tesco.com/groceries/en-GB/products/303629755,https://digitalcontent.api.tesco.com/v2/media/ghs/702435d1-65ed-4164-ad64-48e40bf1900e/2663a897-0aa2-4255-a0b3-cb63c71d5d6a_762027070.jpeg?h=225&w=225,Food Cupboard,Free From
287938338,Tesco Finest Free From Carrot Cake,£4.25,£4.25/each,,,False,,False,3.8,27,False,https://www.tesco.com/groceries/en-GB/products/287938338,https://digitalcontent.api.tesco.com/v2/media/ghs/7824b5d0-536a-4615-91fa-b89e2c978ba0/00176aae-c1bb-4065-a25c-ee1f8a777fd2.jpeg?h=225&w=225,Food Cupboard,Free From
266804794,Nairns Gluten Free Oat Muesli 450G,£3.20,£0.71/100g,,,False,,False,4.6,9,False,https://www.tesco.com/groceries/en-GB/products/266804794,https://digitalcontent.api.tesco.com/v2/media/ghs/331e3f86-f560-4b98-a64c-22c170ab4c4b/62cefaa6-5037-49af-ab17-7f72db0fd835_1784405382.jpeg?h=225&w=225,Food Cupboard,Free From
307160075,Stella Artois Gluten Free Lager 4X330ml,£6.00,£4.54/litre,,,False,,False,,5,False,https://www.tesco.com/groceries/en-GB/products/307160075,https://digitalcontent.api.tesco.com/v2/media/ghs/19889c60-dd5e-4616-a227-bf6ab37e9318/7d2debd3-0020-47f2-bdfc-96ffc6f4e016_638890312.jpeg?h=225&w=225,Food Cupboard,Free From
293672920,BFree Gluten Free Sweet Potato Wraps 6 Pack 42g,£3.80,£1.51/100g,,,False,,False,3.6,19,False,https://www.tesco.com/groceries/en-GB/products/293672920,https://digitalcontent.api.tesco.com/v2/media/ghs/140e5552-83ed-4a55-9143-9eed8b3e7a92/2939ca5b-0c03-4d41-ae3c-1f27e98096e3_275032835.jpeg?h=225&w=225,Food Cupboard,Free From
307135618,TREK Power Protein Bar - Millionaire Shortbread 55g,£1.95,£3.54/100g,£1.50 Clubcard Price,(£2.73/100g),True,Offer valid for delivery from 16/04/2025 until 13/05/2025,False,4.8,8,False,https://www.tesco.com/groceries/en-GB/products/307135618,https://digitalcontent.api.tesco.com/v2/media/ghs/33ad0b5a-0986-4874-bc05-355fd40a6a52/bf44e6ef-c99b-4bc4-b5b3-e0585ffb7826_527828142.jpeg?h=225&w=225,Food Cupboard,Free From
308495472,Tesco Free From 5 Oaty Bakes 150G,£2.55,£1.70/100g,,,False,,False,4.2,18,False,https://www.tesco.com/groceries/en-GB/products/308495472,https://digitalcontent.api.tesco.com/v2/media/ghs/03f67dde-953c-4ba5-b0b7-07d0755a403f/4b1d45ee-8146-44da-80dd-297eb10e1117.jpeg?h=225&w=225,Food Cupboard,Free From
307137419,Tesco Finest Free From Seeded Loaf Bread 400g,£3.30,£0.82/100g,,,False,,False,3.6,30,False,https://www.tesco.com/groceries/en-GB/products/307137419,https://digitalcontent.api.tesco.com/v2/media/ghs/7767886b-5e3c-4cb0-9107-a983d61323b1/60c7b3fc-4075-484f-b0bb-a06aa784ea39.jpeg?h=225&w=225,Food Cupboard,Free From
308478994,BFree Gluten Free High Protein Wraps 4 x 42g (168g),£3.80,£2.26/100g,£2.70 Clubcard Price,(£1.61/100g),True,Offer valid for delivery from 01/04/2025 until 21/04/2025,False,2.7,19,False,https://www.tesco.com/groceries/en-GB/products/308478994,https://digitalcontent.api.tesco.com/v2/media/ghs/6ed1ced5-25a1-4c56-9655-91bd9257f164/e06d593a-e387-4319-926f-346f3f9e0fb6_1995318241.jpeg?h=225&w=225,Food Cupboard,Free From
311206132,Deliciously Ella Original Granola 400G,£3.80,£0.95/100g,,,False,,False,,40,False,https://www.tesco.com/groceries/en-GB/products/311206132,https://digitalcontent.api.tesco.com/v2/media/ghs/4c2c0e59-cd70-4198-aafb-fa44a7a78847/6eec0e09-e701-4125-b7eb-7c7336de38ce_1175419868.jpeg?h=225&w=225,Food Cupboard,Free From
303001812,Nakd Fruit & Peanut Bars - Salted Caramel 4 Pack 35g,£3.00,£2.14/100g,£2.25 Save 25% Clubcard Price,(£1.61/100g),True,Offer valid for delivery from 16/04/2025 until 25/05/2025,False,3.5,14,False,https://www.tesco.com/groceries/en-GB/products/303001812,https://digitalcontent.api.tesco.com/v2/media/ghs/7bb180d3-bda3-45bd-9984-b1d24c1d989f/7b97dac3-0817-4a52-ad3c-b49d774d32c2_10560015.jpeg?h=225&w=225,Food Cupboard,Free From
285964528,Nakd Fruit & Nut Bars - Cashew Cookie 4 Pack 140g,£3.00,£2.14/100g,£2.25 Save 25% Clubcard Price,(£1.61/100g),True,Offer valid for delivery from 16/04/2025 until 25/05/2025,False,,5,False,https://www.tesco.com/groceries/en-GB/products/285964528,https://digitalcontent.api.tesco.com/v2/media/ghs/bffe636b-8d91-4b95-a0c2-795bae6eda97/f75ac4a0-db21-4a00-8813-cdd24b5ee15e_968029224.jpeg?h=225&w=225,Food Cupboard,Free From
301600521,Knorr Organic Chicken Stock Pot 4x26g,£2.25,£2.16/100g,,,False,,False,4.5,75,False,https://www.tesco.com/groceries/en-GB/products/301600521,https://digitalcontent.api.tesco.com/v2/media/ghs/07cb806d-d32a-4c25-b87d-946086256b12/ffc853a7-a46d-4ca0-8ac6-47b5592237bd_16709633.jpeg?h=225&w=225,Food Cupboard,Free From
305949534,Tesco Free From Sultana Scones 2 pack,,,,,False,,False,,33,False,https://www.tesco.com/groceries/en-GB/products/305949534,https://digitalcontent.api.tesco.com/v2/media/ghs/d7b38edf-b351-416b-acb5-d002e9472ea3/f2556aae-0164-4bc5-9a1a-73a41efd1078.jpeg?h=225&w=225,Food Cupboard,Free From
291559003,TREK Protein Flapjacks - Original Oat 3 Pack 150g,£3.60,£2.40/100g,,,False,,False,,2,False,https://www.tesco.com/groceries/en-GB/products/291559003,https://digitalcontent.api.tesco.com/v2/media/ghs/82a722e4-2f8f-4035-9e7a-9e79cab84119/4367f253-4004-4326-84b7-0608bb063353_1630257753.jpeg?h=225&w=225,Food Cupboard,Free From
304783575,Tesco Free From Hot Dog Rolls 4 pack,£2.75,£0.69/each,,,False,,False,2.9,29,False,https://www.tesco.com/groceries/en-GB/products/304783575,https://digitalcontent.api.tesco.com/v2/media/ghs/d34aabd1-eb1a-489a-ac62-533ef26326af/118edeb2-7cf6-4861-b63a-9e531f6bf4df.jpeg?h=225&w=225,Food Cupboard,Free From
312843274,Schar Gluten Free Foldable Flatbreads 225g,£2.50,£1.11/100g,,,False,,False,4.5,6,False,https://www.tesco.com/groceries/en-GB/products/312843274,https://digitalcontent.api.tesco.com/v2/media/ghs/9b579acb-0ef0-4f16-bb4d-2033d856fa1d/1c0257d0-4838-4d11-8cf0-74b0102f6cd5.jpeg?h=225&w=225,Food Cupboard,Free From
293194190,Tesco Free From Chocolate Brownie Mix 284G,£1.70,£5.99/kg,,,False,,False,4.7,20,False,https://www.tesco.com/groceries/en-GB/products/293194190,https://digitalcontent.api.tesco.com/v2/media/ghs/f5f57788-70ad-470f-9ea5-7e8665d2d729/87b81855-42fd-49fa-bfa3-c4177863ccd7_1100672994.jpeg?h=225&w=225,Food Cupboard,Free From
304386826,Tesco Free From Enrobed Vanilla Cookies & Cream Biscuits 192g,,,,,False,,False,4.8,21,False,https://www.tesco.com/groceries/en-GB/products/304386826,https://digitalcontent.api.tesco.com/v2/media/ghs/1889556c-8218-430a-ade9-cc15d7d7ca9f/975d3547-849b-43a1-90f6-0b594f697269_1981045818.jpeg?h=225&w=225,Food Cupboard,Free From
308081316,Tesco Free From Ginger Nuts Biscuits 180g,£1.80,£1.00/100g,,,False,,False,3.3,21,False,https://www.tesco.com/groceries/en-GB/products/308081316,https://digitalcontent.api.tesco.com/v2/media/ghs/51279bec-ae5e-4419-9d5d-3a1979dd0b58/91d2d95a-939c-4ed6-8ad2-6d35a21d42cf_963849048.jpeg?h=225&w=225,Food Cupboard,Free From
293506910,Prewett's Gluten Free Milk Chocolate Chocoful Biscuits 5 Pack 100g,£2.50,£2.50/100g,,,False,,False,4.9,8,False,https://www.tesco.com/groceries/en-GB/products/293506910,https://digitalcontent.api.tesco.com/v2/media/ghs/afb579bf-b753-4cc3-af7a-f8ff4852976e/7354acb6-e202-403d-b374-b24456d52019_156175983.jpeg?h=225&w=225,Food Cupboard,Free From
308109689,Tesco Free From Chocolate Cupcakes 4 Pack,£3.25,£0.81/each,,,False,,False,4.8,26,False,https://www.tesco.com/groceries/en-GB/products/308109689,https://digitalcontent.api.tesco.com/v2/media/ghs/078472ba-4189-40e3-a127-fd0e326ef3ac/e02b1a0c-c24d-4f29-aa6b-2462669dad66.jpeg?h=225&w=225,Food Cupboard,Free From
268920065,Doves Farm Xanthan Gum 100G,£2.80,£28.00/kg,,,False,,False,3.3,3,False,https://www.tesco.com/groceries/en-GB/products/268920065,https://digitalcontent.api.tesco.com/v2/media/ghs/e9966c0b-cc9e-44e3-b98d-fb848df0bfaa/81d9928c-b3c3-4341-b376-f74f48a74acf_1740830676.jpeg?h=225&w=225,Food Cupboard,Free From
311269713,Hippeas Sweet & Smokin' Chickpea Puff Snacks 5 Pack 15g,£2.00,£2.67/100g,£1.60 Clubcard Price,(£2.13/100g),True,Offer valid for delivery from 16/04/2025 until 13/05/2025,False,,27,False,https://www.tesco.com/groceries/en-GB/products/311269713,https://digitalcontent.api.tesco.com/v2/media/ghs/2a692c05-c7f2-4d2f-82be-99f4b11e34c1/ed7beb46-77df-443a-a594-8baeb01ddb32_224104121.jpeg?h=225&w=225,Food Cupboard,Free From
304792063,Deliciously Ella Almond Butter & Caramel Cups 36G,£1.50,£4.17/100g,£1.20 Clubcard Price,(£3.33/100g),True,Offer valid for delivery from 17/04/2025 until 13/05/2025,False,3.1,24,False,https://www.tesco.com/groceries/en-GB/products/304792063,https://digitalcontent.api.tesco.com/v2/media/ghs/2a5a8449-e857-4743-8d94-0ee8bcb49798/e8479f77-c1ff-4742-bd92-f97b5701f5d0_1336771318.jpeg?h=225&w=225,Food Cupboard,Free From
304406469,Tesco Free From Cream Biscuit Crunchies 180g,£1.70,£0.94/100g,,,False,,False,3.1,23,False,https://www.tesco.com/groceries/en-GB/products/304406469,https://digitalcontent.api.tesco.com/v2/media/ghs/12df0fcc-8e38-435f-87bc-e594fa2e15ec/ad69e49d-5eba-44ae-89d9-521abc02aa0e_858675632.jpeg?h=225&w=225,Food Cupboard,Free From
307159008,Naked Free From Katsu Curry Long Grain Rice 78G,£1.55,£19.87/kg,,,False,,False,3.2,5,False,https://www.tesco.com/groceries/en-GB/products/307159008,https://digitalcontent.api.tesco.com/v2/media/ghs/000b377f-857d-49b7-b43f-b1201960b0ec/f4f53d8a-571c-4e58-8dfc-b2cfcfba82a4_426892275.jpeg?h=225&w=225,Food Cupboard,Free From
307364934,Naked Free From Thai Green Curry Rice 78G,£1.55,£1.99/100g,,,False,,False,2.5,2,False,https://www.tesco.com/groceries/en-GB/products/307364934,https://digitalcontent.api.tesco.com/v2/media/ghs/f002daab-e8a6-4224-809d-e0dac0125b9e/ca9422f8-8530-4c2f-825a-07b164555064_689453247.jpeg?h=225&w=225,Food Cupboard,Free From
308103494,KIND Caramel Almond & Sea Salt cereal bars 3x30g,£3.00,£3.33/100g,£2.00 Save 1/3 Clubcard Price,(£2.22/100g),True,Offer valid for delivery from 26/03/2025 until 22/04/2025,False,4.7,23,False,https://www.tesco.com/groceries/en-GB/products/308103494,https://digitalcontent.api.tesco.com/v2/media/ghs/8a11f8ca-2bfb-4c3b-ae83-be52f7963e05/1e60d65e-154d-4b17-ab67-947e55a7f068_887738592.jpeg?h=225&w=225,Food Cupboard,Free From
308103868,Tesco Free From Chocolate Coated Honeycomb 119G,£2.50,£2.10/100g,,,False,,False,3.8,23,False,https://www.tesco.com/groceries/en-GB/products/308103868,https://digitalcontent.api.tesco.com/v2/media/ghs/33802156-a7a1-4070-a4fe-9e2f6dd684dc/d7d9d0df-9740-48f9-bf57-231f3b7d29c8_1456035582.jpeg?h=225&w=225,Food Cupboard,Free From
278434838,Tesco Finest Free From Triple Chocolate Cookies 150G,,,,,False,,False,4.8,32,False,https://www.tesco.com/groceries/en-GB/products/278434838,https://digitalcontent.api.tesco.com/v2/media/ghs/1a1df02d-2bc4-46f1-933a-ab23483050fa/6ab1062f-fc45-4f3a-8e52-883f4076e705_2088163488.jpeg?h=225&w=225,Food Cupboard,Free From
289705902,Nature's Store Free From Milk Chocolate Rice Cakes 100G,£1.80,£1.80/100g,,,False,,False,3.7,6,False,https://www.tesco.com/groceries/en-GB/products/289705902,https://digitalcontent.api.tesco.com/v2/media/ghs/eae1fb42-b713-4830-895b-8110370796b1/bb027c73-f4b6-4502-b5b3-2983f661c012_1187162169.jpeg?h=225&w=225,Food Cupboard,Free From
297609333,Moma Porridge Almond Butter & Salted Caramel 55G,£1.30,£2.36/100g,Any 3 for £3 Clubcard Price - Selected Porridge Pots Bars Or Drinks,,True,Offer valid for delivery from 24/02/2025 until 28/02/2026,False,,3,False,https://www.tesco.com/groceries/en-GB/products/297609333,https://digitalcontent.api.tesco.com/v2/media/ghs/1625cd7f-0ba0-4e56-988e-1e664eb93f1a/c6a87664-3e56-49b4-82a1-7cb33e58ed10_30443863.jpeg?h=225&w=225,Food Cupboard,Free From
311430482,Tesco Free From Tomato And Herb Sauce 500G,£1.30,£0.26/100g,,,False,,False,4.9,27,False,https://www.tesco.com/groceries/en-GB/products/311430482,https://digitalcontent.api.tesco.com/v2/media/ghs/5d521412-af9f-4e75-ade9-0481548cd8ee/54cf2d95-ea51-4a06-869c-9b913a0a8004_309967513.jpeg?h=225&w=225,Food Cupboard,Free From
282458361,Tesco Free From Tagliatelle 250G,£0.75,£3.00/kg,,,False,,False,2.2,38,False,https://www.tesco.com/groceries/en-GB/products/282458361,https://digitalcontent.api.tesco.com/v2/media/ghs/589ec229-639b-40b9-a664-70b091ca39ff/b2c5167e-cee2-44ab-9fa9-4d224e5f5ffb_1364698470.jpeg?h=225&w=225,Food Cupboard,Free From
311787284,Free Gluten Free Seeded Bread Mix 500G,£4.20,£8.40/kg,,,False,,False,4.5,2,False,https://www.tesco.com/groceries/en-GB/products/311787284,https://digitalcontent.api.tesco.com/v2/media/ghs/7b0fe903-9a04-4c7f-baff-985888eba851/373f0b35-c402-4c8d-9be3-e7c8b4935233_357041833.jpeg?h=225&w=225,Food Cupboard,Free From
302287987,"Eat Natural Gluten Free Granola - Buckwheat, Seeds and Honey 425g",£4.70,£1.11/100g,,,False,,False,3.8,6,False,https://www.tesco.com/groceries/en-GB/products/302287987,https://digitalcontent.api.tesco.com/v2/media/ghs/90e7837e-e69c-4ddc-8bfc-24fad8509675/f63869de-07ac-48db-a219-356c07c0a210_424965855.jpeg?h=225&w=225,Food Cupboard,Free From
314315257,Oatly The Original Whole Oat Drink 1L,£2.00,£2.00/litre,,,False,,False,,2,False,https://www.tesco.com/groceries/en-GB/products/314315257,https://digitalcontent.api.tesco.com/v2/media/ghs/8e79f28f-5359-4af8-9369-9bbbdbaef720/37695bab-71c7-4b3a-945f-ec3ec1952f1e_1871553797.jpeg?h=225&w=225,Food Cupboard,Free From
320685673,Plenish Organic Gluten Free Oat Drink 1L,£2.25,£2.25/litre,,,False,,False,,2,False,https://www.tesco.com/groceries/en-GB/products/320685673,https://digitalcontent.api.tesco.com/v2/media/ghs/165f9a11-f277-4561-9041-55ada269c795/cac4d5b3-1864-4208-a214-981df33641bc_1198382372.jpeg?h=225&w=225,Food Cupboard,Free From
308456634,Tesco Free From Flapjack Bites 20 Pack,£3.25,£0.16/each,,,False,,False,4.1,17,False,https://www.tesco.com/groceries/en-GB/products/308456634,https://digitalcontent.api.tesco.com/v2/media/ghs/cda3770c-cf30-441b-ba20-9ae317b5a917/c903de31-ca2a-489f-b071-fbd1aebc307a.jpeg?h=225&w=225,Food Cupboard,Free From
317988152,Plenish Organic Gluten Free Oat Milk 1L,£2.25,£2.25/litre,£1.75 Clubcard Price,(£1.75/litre),True,Offer valid for delivery from 09/04/2025 until 29/04/2025,False,,,False,https://www.tesco.com/groceries/en-GB/products/317988152,https://digitalcontent.api.tesco.com/v2/media/ghs/653807f3-239c-4e42-9691-403b2bafb4b6/06c62505-81a8-4b48-aae4-5829dbc6fc7a_2138959454.jpeg?h=225&w=225,Food Cupboard,Free From
287938223,Tesco Finest Free From Chocolate Sponge Cake,£4.25,£4.25/each,,,False,,False,,36,False,https://www.tesco.com/groceries/en-GB/products/287938223,https://digitalcontent.api.tesco.com/v2/media/ghs/8555edad-8e9f-46c4-aa7f-4c5d92b4346d/2730b65c-042c-4e75-83e9-8d546dae243c.jpeg?h=225&w=225,Food Cupboard,Free From
311279868,Brewdog Gluten Free Punk IPA 4 x 330ml,£6.50,£4.92/litre,,,False,,False,4.7,3,False,https://www.tesco.com/groceries/en-GB/products/311279868,https://digitalcontent.api.tesco.com/v2/media/ghs/7e9b6a9e-0fc2-44d1-a1ae-7837c2b44543/7230e372-85f9-4e5f-ad73-c13a7ff207e3_1996927955.jpeg?h=225&w=225,Food Cupboard,Free From
314309927,Oatly The Original No Sugars Oat Drink 1L,£2.00,£2.00/litre,£1.60 Clubcard Price,(£1.60/litre),True,Offer valid for delivery from 26/02/2025 until 29/04/2025,False,,,False,https://www.tesco.com/groceries/en-GB/products/314309927,https://digitalcontent.api.tesco.com/v2/media/ghs/f3580f55-1ecb-48a9-847d-a582e1f521b6/8c246bd6-0138-4c28-b31c-18007e5b0962_156058710.jpeg?h=225&w=225,Food Cupboard,Free From
293283573,Betty Crocker Gluten Free Devils Food Cake 425G,£3.10,£7.29/kg,,,False,,False,,3,False,https://www.tesco.com/groceries/en-GB/products/293283573,https://digitalcontent.api.tesco.com/v2/media/ghs/819d2dae-27b2-4409-910c-9aa3f65f71b2/a7b1a4aa-ea39-4bb1-aaaf-db037b632a09_57383751.jpeg?h=225&w=225,Food Cupboard,Free From
317981954,Creative Nature Pancake & Waffle Mix 266g,£3.00,£11.28/kg,£2.50 Clubcard Price,(£9.40/kg),True,Offer valid for delivery from 16/04/2025 until 13/05/2025,False,,,False,https://www.tesco.com/groceries/en-GB/products/317981954,https://digitalcontent.api.tesco.com/v2/media/ghs/0c987cc2-f9ed-4d87-9593-d51783d2e646/3712efcb-a4f1-403a-90c7-b2d1fa018fcd_1628996256.jpeg?h=225&w=225,Food Cupboard,Free From
293283636,Betty Crocker Gluten Free Chocolate Fudge Brownie Mix415g,£3.10,£0.01/kg,,,False,,False,,,False,https://www.tesco.com/groceries/en-GB/products/293283636,https://digitalcontent.api.tesco.com/v2/media/ghs/25b1a1ad-47a3-4b0b-bef7-8e4fea77225d/cb2c81ea-eb6a-4d2a-a716-9a8e5fd04b45_546396849.jpeg?h=225&w=225,Food Cupboard,Free From
316546907,Creative Nature Free From Carrot Cake Mix 268g,£3.00,£11.19/kg,£2.50 Clubcard Price,(£9.33/kg),True,Offer valid for delivery from 19/03/2025 until 13/05/2025,False,,3,False,https://www.tesco.com/groceries/en-GB/products/316546907,https://digitalcontent.api.tesco.com/v2/media/ghs/4e60c942-7173-47db-a1d5-609d28c7726e/bc410c8d-19fc-43c0-a5e4-5dd112ffab4d_817066674.jpeg?h=225&w=225,Food Cupboard,Free From
316543997,Creative Nature Free From Sticky Toffee Cake Mix 300g,£3.00,£10.00/kg,£2.50 Clubcard Price,(£8.33/kg),True,Offer valid for delivery from 19/03/2025 until 13/05/2025,False,,1,False,https://www.tesco.com/groceries/en-GB/products/316543997,https://digitalcontent.api.tesco.com/v2/media/ghs/29f77bec-0db3-49f5-b6f5-406627f3ccad/3cc2ec80-f27b-4bac-9a8f-26c5969f5692_754392814.jpeg?h=225&w=225,Food Cupboard,Free From
308081322,Tesco Free From Chocolate Chip Brioche Rolls 4 Pack,£2.20,£0.55/each,,,False,,False,3.7,9,False,https://www.tesco.com/groceries/en-GB/products/308081322,https://digitalcontent.api.tesco.com/v2/media/ghs/a77b2f94-2440-4c95-9b66-2ced78579977/1c02fe41-8980-4852-b40a-016274708929.jpeg?h=225&w=225,Food Cupboard,Free From
305205240,Plenish Organic Soya 1LTR,£2.25,£2.25/litre,,,False,,False,3.8,8,False,https://www.tesco.com/groceries/en-GB/products/305205240,https://digitalcontent.api.tesco.com/v2/media/ghs/68e81eb0-8acc-46c1-bd33-17a637f88de0/adcc09c2-a526-4fa4-aacf-ba09cddeb8e5_977930052.jpeg?h=225&w=225,Food Cupboard,Free From
314325775,Oatly The Original Semi Oat Drink 1L,£2.00,£2.00/litre,,,False,,False,4.2,4,False,https://www.tesco.com/groceries/en-GB/products/314325775,https://digitalcontent.api.tesco.com/v2/media/ghs/8927a19e-9344-459d-813b-d9f6f0abb8ad/da756a30-31a4-4c23-8a30-644de21d6e1f_1898239726.jpeg?h=225&w=225,Food Cupboard,Free From
278418034,Tesco Finest Free From White Chocolate & Cranberry Cookies 150g,£2.70,£1.80/100g,,,False,,False,4.7,36,False,https://www.tesco.com/groceries/en-GB/products/278418034,https://digitalcontent.api.tesco.com/v2/media/ghs/c71b818e-910b-4835-bc6e-e09d92f6f46b/26958bc6-5758-435f-867b-0dd06489ffcb_984841200.jpeg?h=225&w=225,Food Cupboard,Free From
321054848,Rude Health Soya Drink with Calcium 1L,£2.30,£2.30/litre,£1.50 Save 1/3 Clubcard Price,(£1.50/litre),True,Offer valid for delivery from 09/04/2025 until 29/04/2025,False,,,False,https://www.tesco.com/groceries/en-GB/products/321054848,https://digitalcontent.api.tesco.com/v2/media/ghs/53943d58-c70d-465f-a961-ca5547630980/9b2a123e-9f18-4d6a-9683-58053c730093_1471486480.jpeg?h=225&w=225,Food Cupboard,Free From
304400102,Tesco Free From Enrobed Orange Cookies & Cream Biscuits 192g,,,,,False,,False,4.8,22,False,https://www.tesco.com/groceries/en-GB/products/304400102,https://digitalcontent.api.tesco.com/v2/media/ghs/ad32722f-82a1-4156-b927-574a7598d538/d82a11d0-ed80-4e2d-963a-3aa13dfa01fa_176667387.jpeg?h=225&w=225,Food Cupboard,Free From
311934525,NOMO Non-dairy Milk Chocolate Lollies 3 Pack 36g,£2.15,£5.97/100g,,,False,,False,,,False,https://www.tesco.com/groceries/en-GB/products/311934525,https://digitalcontent.api.tesco.com/v2/media/ghs/25dfa17a-cc32-4599-9133-51b5581e8da1/ae7a54aa-3fa7-4037-afb1-6aa8eb45df4d_1865978420.jpeg?h=225&w=225,Food Cupboard,Free From
311273206,KIND Maple Pecan & Almond Bars cereal bars 3x30g,£3.00,£3.33/100g,£2.00 Save 1/3 Clubcard Price,(£2.22/100g),True,Offer valid for delivery from 26/03/2025 until 20/05/2025,False,4.5,4,False,https://www.tesco.com/groceries/en-GB/products/311273206,https://digitalcontent.api.tesco.com/v2/media/ghs/4bc6671f-a210-40e4-91ea-d79945a7118c/4d59b7fb-402f-4f59-b5bc-9dac48929855_1454681743.jpeg?h=225&w=225,Food Cupboard,Free From
311448162,Hippeas Salt & Vinegar Vibes Chickpea Puff Snacks 5 Pack 15g,£2.00,£2.67/100g,£1.60 Clubcard Price,(£2.13/100g),True,Offer valid for delivery from 16/04/2025 until 13/05/2025,False,4.7,39,False,https://www.tesco.com/groceries/en-GB/products/311448162,https://digitalcontent.api.tesco.com/v2/media/ghs/5fdf2298-4c41-4cd8-b80b-078cfeea9c6f/e3d0b2ab-7781-4ef4-ad3b-485b51136303_187357260.jpeg?h=225&w=225,Food Cupboard,Free From
307758238,Tesco Free From 10 Waffle Cones,£2.00,£0.20/each,,,False,,False,4.6,22,False,https://www.tesco.com/groceries/en-GB/products/307758238,https://digitalcontent.api.tesco.com/v2/media/ghs/9bcce516-7980-446f-a60e-63d347a66b9a/3f71a314-34ff-46bf-9b40-fbb7302b0a03_3046882.jpeg?h=225&w=225,Food Cupboard,Free From
316811323,Alpro Oat Original Long Life Dairy Free Drink 500ml,£1.20,£2.40/litre,£1.00 Clubcard Price,(£2.00/litre),True,Offer valid for delivery from 09/04/2025 until 29/04/2025,False,4.4,92,False,https://www.tesco.com/groceries/en-GB/products/316811323,https://digitalcontent.api.tesco.com/v2/media/ghs/7033266e-427e-433a-a3c3-a7b24ad38286/4ac21b04-b2ca-41dc-89de-deba5f5e698d_1764806999.jpeg?h=225&w=225,Food Cupboard,Free From
302306943,Well & Truly Crunchies Smokey Paprika Baked Corn Snacks 100g,£2.10,£2.10/100g,,,False,,False,,22,False,https://www.tesco.com/groceries/en-GB/products/302306943,https://digitalcontent.api.tesco.com/v2/media/ghs/f5cd702b-1869-44a4-a94c-e3d9037c2a71/249f8820-ea18-4aea-83ab-7adafd3ed455_1831044146.jpeg?h=225&w=225,Food Cupboard,Free From
311678661,Tesco Free From Hunters Cooking Sauce 510G,£1.30,£0.26/100g,,,False,,False,4.4,24,False,https://www.tesco.com/groceries/en-GB/products/311678661,https://digitalcontent.api.tesco.com/v2/media/ghs/0481108e-de9c-4378-ac1b-3772c3540650/c501e1e8-19a8-4806-bc5a-ba646b3854b6_1998223344.jpeg?h=225&w=225,Food Cupboard,Free From
311688545,Tesco Free From Carbonara Sauce 485G,,,,,False,,False,3.8,25,False,https://www.tesco.com/groceries/en-GB/products/311688545,https://digitalcontent.api.tesco.com/v2/media/ghs/512893e0-bc35-444a-92d5-a13da212cb1d/cb55d3a9-e220-43f0-9fdd-13bb68e81045_2122921489.jpeg?h=225&w=225,Food Cupboard,Free From
316174068,Tesco Finest Free From Chocolate Rocky Road Bites 166g,£3.75,£2.26/100g,,,False,,False,,,False,https://www.tesco.com/groceries/en-GB/products/316174068,https://digitalcontent.api.tesco.com/v2/media/ghs/ec77db89-2689-48d2-ad4a-c9b9b2880249/2b891b6b-3458-4163-9c64-b21907ec2583_1107802075.jpeg?h=225&w=225,Food Cupboard,Free From
311421942,LazyDay Vegan & Free From Belgian Chocolate Cake Bars 120g,£3.75,£3.12/100g,,,False,,False,4.8,12,False,https://www.tesco.com/groceries/en-GB/products/311421942,https://digitalcontent.api.tesco.com/v2/media/ghs/494d5c9a-f5ad-4a81-9611-1038a4af8158/51c34991-d710-4f5a-a07c-87ce5b2a4c19.jpeg?h=225&w=225,Food Cupboard,Free From
316172669,Tesco Finest Free From Triple Chocolate Topped Brownies 4 Pack,£3.95,£0.99/each,,,False,,False,,2,False,https://www.tesco.com/groceries/en-GB/products/316172669,https://digitalcontent.api.tesco.com/v2/media/ghs/df1bcf87-8f5e-4dd5-a55e-c71f687abc94/98bb67b7-dddd-40ad-902c-35bb96bb7201_21352693.jpeg?h=225&w=225,Food Cupboard,Free From
316541832,Deliciously Ella Low Sugar Granola - Strawberry & Almond 380g,£3.80,£1.00/100g,,,False,,False,4.7,24,False,https://www.tesco.com/groceries/en-GB/products/316541832,https://digitalcontent.api.tesco.com/v2/media/ghs/1b6d942b-b939-44dc-a530-99fc5d0e19fe/62000e34-3630-4c70-baad-5887ada7532d_1201424723.jpeg?h=225&w=225,Food Cupboard,Free From
283964497,Sacla Tomato Pesto Gluten Free 190G,£3.10,£1.63/100g,,,False,,False,,,False,https://www.tesco.com/groceries/en-GB/products/283964497,https://digitalcontent.api.tesco.com/v2/media/ghs/917a10fb-3633-4a21-bb7a-08c0bb0978ff/56da4ef8-dceb-4103-860a-394962f2e818_1307677284.jpeg?h=225&w=225,Food Cupboard,Free From
304415085,Sacla Bolognese Pasta Sauce With Pea Protein 350G,£3.00,£0.86/100g,,,False,,False,2.8,5,False,https://www.tesco.com/groceries/en-GB/products/304415085,https://digitalcontent.api.tesco.com/v2/media/ghs/61ce4495-9833-4237-bc18-e9865ac65087/19b21f3c-758a-4769-bcb0-a6cc339267ce_173189565.jpeg?h=225&w=225,Food Cupboard,Free From
312716137,LazyDay Salted Caramel Crispies Rice Crisped Squares 150g,£3.25,£2.17/100g,,,False,,False,4.3,3,False,https://www.tesco.com/groceries/en-GB/products/312716137,https://digitalcontent.api.tesco.com/v2/media/ghs/d9efd424-9318-4cfd-a698-a86b7bd91c04/9f07c55e-54c0-48ca-a786-b7bdecf9662d_2094762608.jpeg?h=225&w=225,Food Cupboard,Free From
304392450,Sacla Vegan Cheese Flavoured White Sauce With Soya 350G,£3.00,£0.86/100g,,,False,,False,2.4,20,False,https://www.tesco.com/groceries/en-GB/products/304392450,https://digitalcontent.api.tesco.com/v2/media/ghs/f734a2d2-7b5a-4bff-b066-d86640e56c57/206b87ba-63fb-4046-98a6-5922229563c0_358649927.jpeg?h=225&w=225,Food Cupboard,Free From
315392715,Bio&Me Gluten Free Granola - Cashew & Almond 350g,£3.95,£1.13/100g,,,False,,False,,1,False,https://www.tesco.com/groceries/en-GB/products/315392715,https://digitalcontent.api.tesco.com/v2/media/ghs/3855ee7c-5e13-44cc-9564-fa8c20b77fdb/68040815-edf7-4863-bbaa-51da83d2fe4d_2145475984.jpeg?h=225&w=225,Food Cupboard,Free From
317853847,Tesco Free From Fruit & Nut Granola 350g,£2.95,£0.84/100g,,,False,,False,,2,False,https://www.tesco.com/groceries/en-GB/products/317853847,https://digitalcontent.api.tesco.com/v2/media/ghs/af8b8c6f-4e61-4ef5-a48f-e02eb074eb36/4d753a5d-28f5-4fba-a978-66285f79dbb8_2018182815.jpeg?h=225&w=225,Food Cupboard,Free From
320815175,Bio&Me Gluten Free Granola - Fruit & Nut 350g,£3.95,£1.13/100g,,,False,,False,,15,False,https://www.tesco.com/groceries/en-GB/products/320815175,https://digitalcontent.api.tesco.com/v2/media/ghs/082caf4a-4714-4a25-8c32-a96aa6a49919/3e671629-00fd-4e8a-8691-fa4cb9f7cc6d_1962995376.jpeg?h=225&w=225,Food Cupboard,Free From
316421894,Freee Gluten Free Organic Vegan Cinnamon Hoops 300g,£2.70,£0.90/100g,,,False,,False,4.7,87,False,https://www.tesco.com/groceries/en-GB/products/316421894,https://digitalcontent.api.tesco.com/v2/media/ghs/ef4b84f2-3d58-4d7c-8826-b1086218aef1/e4429de5-7324-4184-a682-2eb7502af36a_415142056.jpeg?h=225&w=225,Food Cupboard,Free From
314695036,Tesco Finest Free From White Chocolate & Raspberry Blondies 4 Pack,£3.95,£0.99/each,,,False,,False,3.5,2,False,https://www.tesco.com/groceries/en-GB/products/314695036,https://digitalcontent.api.tesco.com/v2/media/ghs/aab329a0-5021-40eb-b2c5-020e37720313/3ecaad36-d682-42cf-8a8a-eab4b408e14a_1357271102.jpeg?h=225&w=225,Food Cupboard,Free From
318180564,Genius Gluten Free 4 Triple Chocolate Fudgy Brownies,£3.25,£0.81/each,,,False,,False,4.7,45,False,https://www.tesco.com/groceries/en-GB/products/318180564,https://digitalcontent.api.tesco.com/v2/media/ghs/36cbd3ac-94a8-40bb-83fc-94c87cd55a9f/ee7c4fae-68b9-4606-b0fd-d18850457aad.jpeg?h=225&w=225,Food Cupboard,Free From
314941713,Tesco Finest Free From Sticky Toffee Muffins 2 Pack,£2.75,£1.38/each,,,False,,False,4.8,12,False,https://www.tesco.com/groceries/en-GB/products/314941713,https://digitalcontent.api.tesco.com/v2/media/ghs/4c2ed3cf-f6a5-47ad-9d08-d93969524099/8a9ec05d-f2d6-4c10-8278-93cb69b834c1.jpeg?h=225&w=225,Food Cupboard,Free From
314310927,Nestlé GoFree Honeynut Flakes Cereal 350g,£2.50,£0.71/100g,,,False,,False,4.4,385,False,https://www.tesco.com/groceries/en-GB/products/314310927,https://digitalcontent.api.tesco.com/v2/media/ghs/bffc2f6e-8183-4b12-a3a5-59ff39fc1001/1a9392c7-14fa-4417-adc3-be2895f6895e_1989991894.jpeg?h=225&w=225,Food Cupboard,Free From
317873117,Tesco Free From Red Berry Granola 350g,£2.95,£0.84/100g,,,False,,False,1.8,5,False,https://www.tesco.com/groceries/en-GB/products/317873117,https://digitalcontent.api.tesco.com/v2/media/ghs/68c148b3-12c8-494c-964b-b9e6db5e939b/aa2986ec-5114-4941-986a-925c8bdde111_2086421757.jpeg?h=225&w=225,Food Cupboard,Free From
313601381,Warburtons Gluten Free Cinnamon & Raisin Sliced Fruity Buns 4 Pack,£2.90,£0.72/each,Any 2 for £4.90 Clubcard Price - Selected Warburton,,True,Offer valid for delivery from 01/04/2025 until 21/04/2025,False,3.4,9,False,https://www.tesco.com/groceries/en-GB/products/313601381,https://digitalcontent.api.tesco.com/v2/media/ghs/3d729696-bc0f-42ba-8217-09f072f590d7/fea37525-7e09-4229-bbb8-c66a68c75f72.jpeg?h=225&w=225,Food Cupboard,Free From
314692644,Tesco Free From Croissants 2 pack,£2.75,£1.38/each,,,False,,False,1.6,5,False,https://www.tesco.com/groceries/en-GB/products/314692644,https://digitalcontent.api.tesco.com/v2/media/ghs/121b496d-cc75-4fe0-8661-ec7af5f3282e/28b6bba1-6c6c-4888-a594-73725081f1a7.jpeg?h=225&w=225,Food Cupboard,Free From
314107878,Freee Gluten Free Organic Vegan Chocolate Stars 300g,£2.70,£0.90/100g,,,False,,False,,1,False,https://www.tesco.com/groceries/en-GB/products/314107878,https://digitalcontent.api.tesco.com/v2/media/ghs/8d2b0cb6-a67c-4116-9f51-1f38e0e85403/6e0afcc8-dd03-4c77-b7de-bb368edf57fa_2067192417.jpeg?h=225&w=225,Food Cupboard,Free From
315393904,Twix Gluten Free Chocolate & Caramel Cookies Multipack 4 Pack 30g,£2.80,£2.33/100g,,,False,,False,2.7,12,False,https://www.tesco.com/groceries/en-GB/products/315393904,https://digitalcontent.api.tesco.com/v2/media/ghs/3c7fa208-3129-43cb-bbb9-bd97a9d6e4e1/6b22cfef-d1e9-4b51-a2bf-7987ff95a8da_1730261285.jpeg?h=225&w=225,Food Cupboard,Free From
313162951,Oxo Beef Onion & Rosemary Stock Pot 4 Pack 80G,£1.85,£2.31/100g,£1.50 Clubcard Price,(£1.88/100g),True,Offer valid for delivery from 19/02/2025 until 22/04/2025,False,4.9,36,False,https://www.tesco.com/groceries/en-GB/products/313162951,https://digitalcontent.api.tesco.com/v2/media/ghs/ba656f2c-dc27-4ac8-8327-b6ace1fdb32e/6776cbb7-38ee-4cf1-93a0-50c8bf315bd3_1727983290.jpeg?h=225&w=225,Food Cupboard,Free From
312998467,Oxo Reduced Salt Beef Stock Pots With Rosemary 4X20g,£1.85,£2.31/100g,£1.50 Clubcard Price,(£1.88/100g),True,Offer valid for delivery from 19/02/2025 until 22/04/2025,False,4.6,43,False,https://www.tesco.com/groceries/en-GB/products/312998467,https://digitalcontent.api.tesco.com/v2/media/ghs/b7f6225c-7e42-42b6-845f-cb4e60fe0dde/f40b46b1-84ba-4910-bf37-0541cbc76093_1843158012.jpeg?h=225&w=225,Food Cupboard,Free From
313520580,Oxo Stock Pots Red Wine 4 X 20G,£1.85,£2.31/100g,£1.50 Clubcard Price,(£1.88/100g),True,Offer valid for delivery from 19/02/2025 until 22/04/2025,False,4.9,36,False,https://www.tesco.com/groceries/en-GB/products/313520580,https://digitalcontent.api.tesco.com/v2/media/ghs/e655e04e-29d7-4809-9277-7dbfd4729fe6/10634917-730e-4ec2-ba92-c4e4e09d5a2b_68794501.jpeg?h=225&w=225,Food Cupboard,Free From
313855241,Nestle GoFree Cornflakes Cereal 375g,£2.50,£0.67/100g,,,False,,False,4.6,1284,False,https://www.tesco.com/groceries/en-GB/products/313855241,https://digitalcontent.api.tesco.com/v2/media/ghs/9e397b03-f170-4ac3-98e4-d96c4319930a/59075278-bf6d-41f6-b323-0632f8b1a665_1895350325.jpeg?h=225&w=225,Food Cupboard,Free From
316802835,Bounty Gluten Free Chocolate & Coconut Cookies 4 Pack 30g,£2.35,£1.96/100g,,,False,,False,,,False,https://www.tesco.com/groceries/en-GB/products/316802835,https://digitalcontent.api.tesco.com/v2/media/ghs/0df988a3-d730-4366-956c-1f3f7a9dd971/c839389e-067b-4576-8939-4425c9e624bd_1498150939.jpeg?h=225&w=225,Food Cupboard,Free From
311214139,We Love Cake Free From Sticky Toffee Slices 4 Pack 158g,£2.30,£1.46/100g,£1.90 Clubcard Price,(£1.20/100g),True,Offer valid for delivery from 01/04/2025 until 21/04/2025,False,3.6,8,False,https://www.tesco.com/groceries/en-GB/products/311214139,https://digitalcontent.api.tesco.com/v2/media/ghs/adc9f91a-1b87-4079-b890-e7988f0fd273/1f2ca581-dc3d-412f-980d-a4031079209d_1639470846.jpeg?h=225&w=225,Food Cupboard,Free From
316543513,Tesco Free From Sea Salt and Chilli Crackers 137g,£1.70,£1.24/100g,,,False,,False,,1,False,https://www.tesco.com/groceries/en-GB/products/316543513,https://digitalcontent.api.tesco.com/v2/media/ghs/5b0fa34e-5746-45be-8ae2-56fffb11bd22/eb3af11f-f36c-4720-aaba-8c60fc77a638_864524866.jpeg?h=225&w=225,Food Cupboard,Free From
317856124,Tesco Free From Fruit & Seed Muesli 450g,£2.30,£0.51/100g,,,False,,False,,1,False,https://www.tesco.com/groceries/en-GB/products/317856124,https://digitalcontent.api.tesco.com/v2/media/ghs/0d80dad5-b35d-4add-948f-f0fb12ca250a/f111df9f-9bc0-429a-85c8-633e24ab0660_248851470.jpeg?h=225&w=225,Food Cupboard,Free From
318070389,Moma Gluten Free Porridge Pot - Cranberry & Raisin 70g,£1.30,£1.86/100g,Any 3 for £3 Clubcard Price - Selected Porridge Pots Bars Or Drinks,,True,Offer valid for delivery from 24/02/2025 until 28/02/2026,False,,2,False,https://www.tesco.com/groceries/en-GB/products/318070389,https://digitalcontent.api.tesco.com/v2/media/ghs/92ee264a-c3f1-41b7-b0b6-5b76b186ea92/d31b42ed-5fc4-437c-a6c6-1fa1be514953_1549153374.jpeg?h=225&w=225,Food Cupboard,Free From
316644941,Tesco Free from Onion and Herb Crackers 137g,£1.70,£1.24/100g,,,False,,False,,1,False,https://www.tesco.com/groceries/en-GB/products/316644941,https://digitalcontent.api.tesco.com/v2/media/ghs/d574aed0-fbd1-4f4f-9cf3-a6d8aee4c7d9/d90f5b4e-dfdc-4205-bb9f-82dc7b50f1f0_1909467714.jpeg?h=225&w=225,Food Cupboard,Free From
315361453,Nairn's Gluten Free Oaties - Toffee Flavour Biscuits 160g,£1.50,£0.94/100g,,,False,,False,4.2,4,False,https://www.tesco.com/groceries/en-GB/products/315361453,https://digitalcontent.api.tesco.com/v2/media/ghs/71147d22-473f-4712-aacb-98af964a94f6/35deb752-f4b4-46d0-b49a-c83e6a3a2933_1325495617.jpeg?h=225&w=225,Food Cupboard,Free From
313617593,Nairn's Gluten Free Oaties Biscuits 160G,£1.50,£0.94/100g,,,False,,False,,4,False,https://www.tesco.com/groceries/en-GB/products/313617593,https://digitalcontent.api.tesco.com/v2/media/ghs/999ef1d8-2566-440d-9e2c-c5c1f7769856/108e62af-f87f-4ea6-a3ba-d6a8a073f729_1338021687.jpeg?h=225&w=225,Food Cupboard,Free From
313511602,Nairn's Gluten Free Oaties Chocolate Chip Biscuits 160G,£1.50,£0.94/100g,,,False,,False,4.5,6,False,https://www.tesco.com/groceries/en-GB/products/313511602,https://digitalcontent.api.tesco.com/v2/media/ghs/9f7dc813-75e4-4a4f-8a69-c4012ced7a83/25007cf2-4ec4-4cc3-8173-1cfbc69c99f9_1369567405.jpeg?h=225&w=225,Food Cupboard,Free From
316793654,Nomo Crispy Mo 15g,£0.80,£5.33/100g,,,False,,False,,1,False,https://www.tesco.com/groceries/en-GB/products/316793654,https://digitalcontent.api.tesco.com/v2/media/ghs/de21b7f4-809a-47ce-989b-3156458c2c71/9252f31d-5369-40db-b4b1-133dcabb9a5f_215446031.jpeg?h=225&w=225,Food Cupboard,Free From
316060842,Buttermilk Plant Powered Coconut Choccy Bar 45g,£1.70,£3.78/100g,£1.20 Clubcard Price,(£2.67/100g),True,Offer valid for delivery from 16/04/2025 until 13/05/2025,False,,1,False,https://www.tesco.com/groceries/en-GB/products/316060842,https://digitalcontent.api.tesco.com/v2/media/ghs/1b95d515-7038-4c9e-a216-d11967a8fcdc/8272998a-98f7-423c-aca5-fafd8e01383e_1589613364.jpeg?h=225&w=225,Food Cupboard,Free From
316939414,Galaxy Vegan Dairy Free Salted Caramel Chocolate 100g,£3.00,£3.00/100g,,,False,,False,2.9,9,False,https://www.tesco.com/groceries/en-GB/products/316939414,https://digitalcontent.api.tesco.com/v2/media/ghs/4d75ba71-8b13-4427-9b66-c8d3d906f27d/0a39ea7f-9f0b-4bca-ae14-981ea10904c6_993764301.jpeg?h=225&w=225,Food Cupboard,Free From
316941635,Tesco Finest Free From Rigatoni 500G,£1.70,£3.40/kg,,,False,,False,4.3,3,False,https://www.tesco.com/groceries/en-GB/products/316941635,https://digitalcontent.api.tesco.com/v2/media/ghs/31f485b3-4c97-46cc-8158-a18729818e2b/06418b36-21dd-486a-b50c-511edd486b9c_1702774759.jpeg?h=225&w=225,Food Cupboard,Free From
317046743,Tesco Finest Free From Orzo 500G,£1.70,£3.40/kg,,,False,,False,,6,False,https://www.tesco.com/groceries/en-GB/products/317046743,https://digitalcontent.api.tesco.com/v2/media/ghs/4fef8677-6b95-47c5-b33a-aec8a6dfcb44/aac52f89-fc56-4f38-933e-4b9f2fead716_658989420.jpeg?h=225&w=225,Food Cupboard,Free From
315590901,Bio & Me Gluten Free Porridge Nice & Nutty 58g,£1.30,£2.24/100g,Any 3 for £3 Clubcard Price - Selected Porridge Pots Bars Or Drinks,,True,Offer valid for delivery from 24/02/2025 until 28/02/2026,False,,11,False,https://www.tesco.com/groceries/en-GB/products/315590901,https://digitalcontent.api.tesco.com/v2/media/ghs/fc92ad67-f718-4a00-a08c-b7d819498517/cdec6552-f117-465f-80a3-66da6576cdb1_1450809039.jpeg?h=225&w=225,Food Cupboard,Free From
315456917,Bio&Me Gluten Free Porridge - Spiced Apple 58g,£1.30,£2.24/100g,Any 3 for £3 Clubcard Price - Selected Porridge Pots Bars Or Drinks,,True,Offer valid for delivery from 24/02/2025 until 28/02/2026,False,3.9,15,False,https://www.tesco.com/groceries/en-GB/products/315456917,https://digitalcontent.api.tesco.com/v2/media/ghs/8275e574-3f59-4b28-830c-df23d1e07dc5/eae7a578-223c-41b7-8df8-c633a2dfacec_1149506138.jpeg?h=225&w=225,Food Cupboard,Free From
313833365,Mrs Crimble's Gluten Free Coconut Macaroons with Caramel Pieces 6 Pack 180g,£1.50,£0.83/100g,£1.25 Clubcard Price,(£0.69/100g),True,Offer valid for delivery from 01/04/2025 until 21/04/2025,False,,2,False,https://www.tesco.com/groceries/en-GB/products/313833365,https://digitalcontent.api.tesco.com/v2/media/ghs/06041bf6-ecd2-4086-a3a4-7c994e4efc6c/914a1cbb-f448-4074-9d96-91704962e1f9_1556247485.jpeg?h=225&w=225,Food Cupboard,Free From
317851397,Moo Free Moofreesas Choccy Egg 135g,£6.95,£5.15/100g,£5.55 Clubcard Price,(£4.11/100g),True,Offer valid for delivery from 14/04/2025 until 27/04/2025,False,,,False,https://www.tesco.com/groceries/en-GB/products/317851397,https://digitalcontent.api.tesco.com/v2/media/ghs/6b420731-bd79-4a31-b223-b1b39b92d48d/4e50591c-bc79-45da-905e-724c6cb5284b_1484750986.jpeg?h=225&w=225,Food Cupboard,Free From
316069752,Patak's Curry Creations Jalfrezi Sauce Kit 160g,£4.00,£25.00/kg,,,False,,False,4.8,33,False,https://www.tesco.com/groceries/en-GB/products/316069752,https://digitalcontent.api.tesco.com/v2/media/ghs/83ba4a0b-5892-4420-bebd-a8c0cd006f94/ad35df15-c2fd-4f41-8d32-f14fc0363bc1_1166888308.jpeg?h=225&w=225,Food Cupboard,Free From
317977804,Rummo Gluten Free Potato Gnocchi 500g,£3.50,£7.00/kg,,,False,,False,,2,False,https://www.tesco.com/groceries/en-GB/products/317977804,https://digitalcontent.api.tesco.com/v2/media/ghs/ece03b6a-733d-4383-b034-915d7e72f6c8/cf5c78b7-7886-446b-b774-399da46b297a_1555186880.jpeg?h=225&w=225,Food Cupboard,Free From
318196782,Tesco Finest Free From Salted Caramel Mini Eggs 99g,£3.50,£3.54/100g,,,False,,False,,,False,https://www.tesco.com/groceries/en-GB/products/318196782,https://digitalcontent.api.tesco.com/v2/media/ghs/d5bb08b3-2d4c-4ae9-92c5-ef71b522095e/d294ac29-2551-40ce-a965-93c53ab56cd0_1130118328.jpeg?h=225&w=225,Food Cupboard,Free From
316293779,Perkier Protein Bars - Salted Caramel Dark Chocolate 3 Pack 37g,£2.85,£2.57/100g,,,False,,False,,1,False,https://www.tesco.com/groceries/en-GB/products/316293779,https://digitalcontent.api.tesco.com/v2/media/ghs/87bc488d-c565-4dc4-bf93-de855213e22e/4b25d63f-15b0-4cfd-8aef-1caaa77457bd_721148360.jpeg?h=225&w=225,Food Cupboard,Free From
310117043,Mister Free'd Tortilla Chips - Barbecue Smoky Flavour 135g,£2.00,£14.82/kg,,,False,,False,,2,False,https://www.tesco.com/groceries/en-GB/products/310117043,https://digitalcontent.api.tesco.com/v2/media/ghs/e1cf032d-3e53-49f7-943b-26e5edea0919/snapshotimagehandler_1692491747.jpeg?h=225&w=225,Food Cupboard,Free From
314105120,Nakd Protein Bars - Cocoa Hazelnut 3 x 45g,£3.00,£2.22/100g,,,False,,False,4.7,33,False,https://www.tesco.com/groceries/en-GB/products/314105120,https://digitalcontent.api.tesco.com/v2/media/ghs/557f8f5c-a359-49be-8168-b43dc8561196/dead555c-63a8-4e63-9d75-4775d719b018_502872701.jpeg?h=225&w=225,Food Cupboard,Free From
314115557,Nakd Peanut Butter Protein Bars Multipack 3 x 45g,£3.00,£2.22/100g,,,False,,False,4.6,34,False,https://www.tesco.com/groceries/en-GB/products/314115557,https://digitalcontent.api.tesco.com/v2/media/ghs/7b598860-605b-40c2-89b6-893c6b85ba7e/0e844dff-7ab7-484c-86b9-4f28d4a284e8_1116006966.jpeg?h=225&w=225,Food Cupboard,Free From
313361456,Graze Sea Salt & Pepper Protein Veg & Cashew Nuts Sharing Bag Snack 100G,£2.50,£25.00/kg,,,False,,False,4.4,163,False,https://www.tesco.com/groceries/en-GB/products/313361456,https://digitalcontent.api.tesco.com/v2/media/ghs/7f6dc858-a38f-492a-a219-0be5bbd0b5e8/c9a5efed-188a-45c2-9ab1-df55570093d0_384333897.jpeg?h=225&w=225,Food Cupboard,Free From
316543790,"Eat Real Hummus Chips - Tomato & Basil, Salt, Sour Cream & Chive 98g",£2.20,£2.24/100g,£1.75 Clubcard Price,(£1.79/100g),True,Offer valid for delivery from 18/04/2025 until 10/06/2025,False,4.4,85,False,https://www.tesco.com/groceries/en-GB/products/316543790,https://digitalcontent.api.tesco.com/v2/media/ghs/a2844159-9cb5-4c7b-8948-4a5e434e22e8/c5e21610-685d-4c22-9a0b-5bd489ed19a2_2045214307.jpeg?h=225&w=225,Food Cupboard,Free From
316068684,Eat Real Hummus Chips - Tomato & Basil 110g,£2.00,£1.82/100g,£1.50 Save 25% Clubcard Price,(£1.36/100g),True,Offer valid for delivery from 16/04/2025 until 10/06/2025,False,4.4,47,False,https://www.tesco.com/groceries/en-GB/products/316068684,https://digitalcontent.api.tesco.com/v2/media/ghs/57cdaf84-be56-4685-b79a-eb5c7c369df3/95fb3127-7b57-4b93-aeaf-5e6533892dc7_838211358.jpeg?h=225&w=225,Food Cupboard,Free From
317875942,PLAYin CHOC Toy Choc Box Endangered Animals Organic Chocolate & Surprise Toy,£1.50,£0.75/each,,,False,,False,,5,False,https://www.tesco.com/groceries/en-GB/products/317875942,https://digitalcontent.api.tesco.com/v2/media/ghs/b2131960-fb8a-4552-97ff-5324cc476e0d/4e41d6d1-cba1-4de9-815e-8aecb5a80357_1435820460.jpeg?h=225&w=225,Food Cupboard,Free From
315465682,"Rummo Gluten Free Spaghetti Pasta N0.3, 400g",£2.30,£5.75/kg,,,False,,False,,5,False,https://www.tesco.com/groceries/en-GB/products/315465682,https://digitalcontent.api.tesco.com/v2/media/ghs/6b394731-0770-4536-ac94-d3e4f181e117/53935e32-ea40-400f-bb36-0a778c6baeb4_1396293104.jpeg?h=225&w=225,Food Cupboard,Free From
316535949,Eat Real Lentil Chips Multipack - Salted 5 Pack 18g,£2.20,£2.44/100g,£1.75 Clubcard Price,(£1.94/100g),True,Offer valid for delivery from 18/04/2025 until 10/06/2025,False,,1,False,https://www.tesco.com/groceries/en-GB/products/316535949,https://digitalcontent.api.tesco.com/v2/media/ghs/3447c46d-ab63-4486-88c0-f9a0b874dcce/cb1832f9-aa64-4397-be4f-d04c6df2bcfc_1822630739.jpeg?h=225&w=225,Food Cupboard,Free From
315451387,Rummo Gluten Free Penne Rigate No. 66 400g,£2.30,£5.75/kg,,,False,,False,,7,False,https://www.tesco.com/groceries/en-GB/products/315451387,https://digitalcontent.api.tesco.com/v2/media/ghs/70a22ad8-a274-4713-a485-7f66c1c0b6f2/8371dfb3-34b1-4779-a56e-736dd0428c5d_1114529985.jpeg?h=225&w=225,Food Cupboard,Free From
317284719,Nairn's Gluten Free Original Wholegrain Crackers 160g,£2.00,£1.25/100g,,,False,,False,,,False,https://www.tesco.com/groceries/en-GB/products/317284719,https://digitalcontent.api.tesco.com/v2/media/ghs/c62cde74-3575-4622-b289-33d7b35cdc4a/5a12a181-5123-42e6-8481-b5f1c6a1e9e1_1933025577.jpeg?h=225&w=225,Food Cupboard,Free From
317289075,Nairn's Gluten Free Super Seeded Wholegrain Crackers 137g,£2.00,£1.46/100g,,,False,,False,,,False,https://www.tesco.com/groceries/en-GB/products/317289075,https://digitalcontent.api.tesco.com/v2/media/ghs/96e5a376-99df-43c4-b9d2-a781d2ed80fb/9aad0b02-4c7b-4297-9ba6-7c64194d3e05_1930702341.jpeg?h=225&w=225,Food Cupboard,Free From
317192730,Nairn's Gluten Free Cracked Black Pepper Wholegrain Crackers 137g,£2.00,£1.46/100g,,,False,,False,,1,False,https://www.tesco.com/groceries/en-GB/products/317192730,https://digitalcontent.api.tesco.com/v2/media/ghs/6af4c8d0-14d0-40dc-8d07-bbe1f1196bea/a8836764-2b9a-4363-bec7-6851124b7b14_1268555948.jpeg?h=225&w=225,Food Cupboard,Free From
317866924,Tesco Free From Raspberry Crisp Choc Egg 180g,£4.95,£2.75/100g,£4.45 Clubcard Price,(£2.47/100g),True,Offer valid for delivery from 08/04/2025 until 21/04/2025,False,,,False,https://www.tesco.com/groceries/en-GB/products/317866924,https://digitalcontent.api.tesco.com/v2/media/ghs/9dfecc58-b20c-4344-8a40-4c4c3ea7125e/c43be742-17dd-4330-b002-afc52b00ce69_1192412606.jpeg?h=225&w=225,Food Cupboard,Free From
313730481,Graze Protein Nut Crunch - Chilli & Lime 100g,£2.50,£25.00/kg,,,False,,False,4.4,314,False,https://www.tesco.com/groceries/en-GB/products/313730481,https://digitalcontent.api.tesco.com/v2/media/ghs/f9873726-a9c6-43d9-b4e9-3fe851863a6c/3c833ab1-ff2f-401c-88d7-e5b9898e54ab_93207877.jpeg?h=225&w=225,Food Cupboard,Free From
317400140,Tesco Finest Free From Linguine 400G,£1.70,£4.25/kg,,,False,,False,,1,False,https://www.tesco.com/groceries/en-GB/products/317400140,https://digitalcontent.api.tesco.com/v2/media/ghs/deaadb2f-a8a8-40d7-8ef7-884987d78988/4278bb97-a2d9-467d-800a-dfd8d56ad8ec_1950018794.jpeg?h=225&w=225,Food Cupboard,Free From
320678676,Galaxy Dairy Free Hazelnut Praline 100g,£3.00,£3.00/100g,,,False,,False,,,False,https://www.tesco.com/groceries/en-GB/products/320678676,https://digitalcontent.api.tesco.com/v2/media/ghs/756826a4-23eb-4af3-bddd-a322c063531e/55f0ea82-6598-4d17-a09a-6250c7dac157_184654272.jpeg?h=225&w=225,Food Cupboard,Free From
316534607,Eat Real Salted Lentil Chips 95g,£2.00,£2.10/100g,£1.50 Save 25% Clubcard Price,(£1.58/100g),True,Offer valid for delivery from 19/03/2025 until 13/05/2025,False,4.4,58,False,https://www.tesco.com/groceries/en-GB/products/316534607,https://digitalcontent.api.tesco.com/v2/media/ghs/67338789-567a-4506-aa94-54414e905c8c/8a0d38d6-46b2-4be4-ba75-6cfe8a34689d_1187967978.jpeg?h=225&w=225,Food Cupboard,Free From
316555833,Eat Real Quinoa Chips - Sour Cream & Chive 90g,£2.00,£2.22/100g,£1.50 Save 25% Clubcard Price,(£1.67/100g),True,Offer valid for delivery from 19/03/2025 until 13/05/2025,False,4.5,44,False,https://www.tesco.com/groceries/en-GB/products/316555833,https://digitalcontent.api.tesco.com/v2/media/ghs/daa4fe74-1aeb-4e8c-9ec2-f7c385accd3f/0713ab76-7fcd-4e66-8b32-fb1672737866_1375722711.jpeg?h=225&w=225,Food Cupboard,Free From
316313072,Eat Real Lentil Chips - Chilli & Lemon 95g,£2.00,£2.10/100g,£1.50 Save 25% Clubcard Price,(£1.58/100g),True,Offer valid for delivery from 19/03/2025 until 13/05/2025,False,3.5,2,False,https://www.tesco.com/groceries/en-GB/products/316313072,https://digitalcontent.api.tesco.com/v2/media/ghs/bc18bff4-310e-4e82-ae57-45180ed0f6f3/a0c4dbf1-5991-4795-8d73-28b3585b2031_1130409565.jpeg?h=225&w=225,Food Cupboard,Free From
316535742,"Eat Real Veggie Straws - Tomato, Kale & Spinach 110g",£2.00,£1.82/100g,£1.50 Save 25% Clubcard Price,(£1.36/100g),True,Offer valid for delivery from 19/03/2025 until 13/05/2025,False,4.3,116,False,https://www.tesco.com/groceries/en-GB/products/316535742,https://digitalcontent.api.tesco.com/v2/media/ghs/ee0b85df-ac78-4dec-b98f-89b7f93b81dc/1c29284f-d8e1-426a-9269-cffdabf9111b_464187930.jpeg?h=225&w=225,Food Cupboard,Free From
314307175,Galaxy Vegan Classic Chocolate Bar Dairy Free 100G,£3.00,£3.00/100g,,,False,,False,2.1,11,False,https://www.tesco.com/groceries/en-GB/products/314307175,https://digitalcontent.api.tesco.com/v2/media/ghs/109d37b8-66be-42d2-9fc5-484f3b9d7dc0/e522db3d-35fc-4e3f-b51c-ecf7be370db1_868425076.jpeg?h=225&w=225,Food Cupboard,Free From
316430635,Eat Real Veggie Straws - Smoked Paprika & Chilli 110g,£2.00,£1.82/100g,£1.50 Save 25% Clubcard Price,(£1.36/100g),True,Offer valid for delivery from 19/03/2025 until 13/05/2025,False,,2,False,https://www.tesco.com/groceries/en-GB/products/316430635,https://digitalcontent.api.tesco.com/v2/media/ghs/cbb9e15a-094a-4ee3-835e-a85a929a4484/74ac71d0-df07-4228-abbc-5eb4f3f28a38_375235585.jpeg?h=225&w=225,Food Cupboard,Free From
314409901,Moo Free Moofreesas Choccy Balls 35G,£1.50,£4.29/100g,,,False,,False,,5,False,https://www.tesco.com/groceries/en-GB/products/314409901,https://digitalcontent.api.tesco.com/v2/media/ghs/62b0f22e-b49a-4511-96b5-27d7f5dbd2ee/ff1ab3e1-001b-48d5-8414-eb208a8be602_8123992.jpeg?h=225&w=225,Food Cupboard,Free From
318172390,Moo Free Choccy Egg 15g,,,,,False,,False,,,False,https://www.tesco.com/groceries/en-GB/products/318172390,https://digitalcontent.api.tesco.com/v2/media/ghs/42f42588-4852-425a-b678-7f8097fe9265/0f3732a8-9d82-41be-a3fe-5915ce531b7c_934179622.jpeg?h=225&w=225,Food Cupboard,Free From
315461824,Tesco free from cream crackers 137g,£1.50,£1.10/100g,,,False,,False,,10,False,https://www.tesco.com/groceries/en-GB/products/315461824,https://digitalcontent.api.tesco.com/v2/media/ghs/76d95f49-d679-4b70-8e9e-1c854b4d9260/b07f02a3-e842-4477-ac5b-1a2ba319084f_2042163847.jpeg?h=225&w=225,Food Cupboard,Free From
314435201,Fruittella Juicy Chews Vegan 170G,£1.55,£0.91/100g,,,False,,False,,,False,https://www.tesco.com/groceries/en-GB/products/314435201,https://digitalcontent.api.tesco.com/v2/media/ghs/a18efc60-6e8c-4e00-b597-5cd58e4bcf9e/929e03eb-3690-4376-a299-1fd396474d79_1023701238.jpeg?h=225&w=225,Food Cupboard,Free From
314711525,Tesco Free From Cool Flavour Tortilla Chips 200g,£1.10,£0.55/100g,,,False,,False,4.8,4,False,https://www.tesco.com/groceries/en-GB/products/314711525,https://digitalcontent.api.tesco.com/v2/media/ghs/9a7389e2-816a-4408-9464-d7c5fc1af79b/2d07d62d-b9e2-4a7b-8da8-74d6dabc3b88_874705844.jpeg?h=225&w=225,Food Cupboard,Free From
318265885,Tesco Free From Mini White Choc Spring Eggs 50g,,,,,False,,False,,,False,https://www.tesco.com/groceries/en-GB/products/318265885,https://digitalcontent.api.tesco.com/v2/media/ghs/a1f653a2-79d7-42fb-b21d-606649f0c0c4/4a26c752-b499-46ae-a27b-25faef4bcfb2_517663232.jpeg?h=225&w=225,Food Cupboard,Free From
318275032,Tesco Free From Mini Choc Spring Eggs 50g,,,,,False,,False,,1,False,https://www.tesco.com/groceries/en-GB/products/318275032,https://digitalcontent.api.tesco.com/v2/media/ghs/d03cb845-9dae-4408-8e11-1b605b256f62/a22613a9-1cf6-466e-a15e-72c5024b0149_2099869318.jpeg?h=225&w=225,Food Cupboard,Free From
315358247,Milky Way Dairy Free Magic Stars 25g,£1.00,£4.00/100g,,,False,,False,,,False,https://www.tesco.com/groceries/en-GB/products/315358247,https://digitalcontent.api.tesco.com/v2/media/ghs/fa1c965b-2deb-4cde-8a5d-06cee9ee8c52/b935f550-cd93-4021-95e9-6014ed878bbb_491832025.jpeg?h=225&w=225,Food Cupboard,Free From
315341788,Milky Way Dairy Free Magic Stars with Popping Candy 25g,£1.00,£4.00/100g,,,False,,False,,,False,https://www.tesco.com/groceries/en-GB/products/315341788,https://digitalcontent.api.tesco.com/v2/media/ghs/bb167c3a-243c-4331-a714-b743475b9c63/8e7cd056-f93a-4d6d-8267-6df65842c432_1143292676.jpeg?h=225&w=225,Food Cupboard,Free From
307761153,NOMO Vegan & Free From Caramel Egg & Caramel Chocolate Bar 148g,,,,,False,,False,,,False,https://www.tesco.com/groceries/en-GB/products/307761153,https://digitalcontent.api.tesco.com/v2/media/ghs/0d613501-249a-4e03-b27a-243e3a8267aa/e81f040e-7cbc-4151-b04a-45ca04036696_1491529770.jpeg?h=225&w=225,Food Cupboard,Free From
315374772,NOMO Creamy Choc Egg & Mini Bars 154g,£8.50,£5.52/100g,,,False,,False,,,False,https://www.tesco.com/groceries/en-GB/products/315374772,https://digitalcontent.api.tesco.com/v2/media/ghs/694a1a84-c35b-4a22-aec3-6efaf348f1e5/5e0ebbf8-c61b-40b9-ae27-1e5589c6861e_1368807904.jpeg?h=225&w=225,Food Cupboard,Free From
288500532,Rude Health Organic Brown Rice Longlife Dairy Free Drink 1L,£2.30,£2.30/litre,,,False,,False,4.4,7,False,https://www.tesco.com/groceries/en-GB/products/288500532,https://digitalcontent.api.tesco.com/v2/media/ghs/a349d4f5-6895-44f4-aefc-31cf5890cf24/073b2166-b967-4f72-aa79-63f9e0e7a3d0.jpeg?h=225&w=225,Food Cupboard,Free From
304075630,Promise Gluten Free Chia & Quinoa Sliced Bread Loaf 480g,£3.60,£0.75/100g,,,False,,False,4.3,6,False,https://www.tesco.com/groceries/en-GB/products/304075630,https://digitalcontent.api.tesco.com/v2/media/ghs/2cd75e55-ffe6-4715-b109-669a69acfe7c/07f445ad-8c3b-41c5-b9aa-c000c302c336.jpeg?h=225&w=225,Food Cupboard,Free From
315737418,Promise Gluten Free Wholesome Brown Sliced Bread Loaf 480g,£3.60,£0.75/100g,,,False,,False,4.6,7,False,https://www.tesco.com/groceries/en-GB/products/315737418,https://digitalcontent.api.tesco.com/v2/media/ghs/654acca7-4eb8-40ba-999c-51aa5e62db75/634d00e2-f276-426b-b4e4-de3e0914a3e4.jpeg?h=225&w=225,Food Cupboard,Free From
316077045,Warburtons Gluten Free Soft White Pitta Breads 4 Pack,£3.00,£0.75/each,,,False,,False,4.3,10,False,https://www.tesco.com/groceries/en-GB/products/316077045,https://digitalcontent.api.tesco.com/v2/media/ghs/863ea20f-2dfb-4073-aa3c-c6f1b546cb6c/0b433fbb-a8b6-46f5-83fa-3b4d03eca279.jpeg?h=225&w=225,Food Cupboard,Free From
316933236,Bio&Me Oat Bar - Toffee Apple 3 Pack 38g,£3.25,£2.85/100g,,,False,,False,,10,False,https://www.tesco.com/groceries/en-GB/products/316933236,https://digitalcontent.api.tesco.com/v2/media/ghs/c8f077e8-c3a0-47dd-882e-61012b41ed56/072964f1-29bb-4644-a717-62f677d21435_124692233.jpeg?h=225&w=225,Food Cupboard,Free From
320560613,SCHAR GLUTEN FREE MUFFIN CHOCO CHIPS 225G,£3.30,£1.47/100g,,,False,,False,4.3,3,False,https://www.tesco.com/groceries/en-GB/products/320560613,https://digitalcontent.api.tesco.com/v2/media/ghs/81e14b03-81c6-47c6-b1e6-91454c61a450/c7a1cfe2-5a8b-4eff-821a-572a3133b114_1732764391.jpeg?h=225&w=225,Food Cupboard,Free From
316806261,Bio&Me Super Berry Oat Bar - Strawberries and Raspberries 3 Pack 38g,£3.25,£2.85/100g,,,False,,False,4.9,12,False,https://www.tesco.com/groceries/en-GB/products/316806261,https://digitalcontent.api.tesco.com/v2/media/ghs/96125f90-402f-458f-8fc8-a819e360a668/523d5ab8-7430-4bf4-81b4-3c114fba7a31_1351172516.jpeg?h=225&w=225,Food Cupboard,Free From
313514023,Genius Gluten Free Multi Seeded Farmhouse Loaf Bread 430g,£2.75,£0.64/100g,£2.45 Clubcard Price,(£0.57/100g),True,Offer valid for delivery from 01/04/2025 until 21/04/2025,False,2.7,38,False,https://www.tesco.com/groceries/en-GB/products/313514023,https://digitalcontent.api.tesco.com/v2/media/ghs/6780af27-d23e-486d-9d56-cb531158221d/a16fdaf1-d456-4e10-a0d6-79809ba90af8.jpeg?h=225&w=225,Food Cupboard,Free From
313373148,Graze Sweet Chilli Crunch 100g,£2.50,£25.00/kg,,,False,,False,4.5,470,False,https://www.tesco.com/groceries/en-GB/products/313373148,https://digitalcontent.api.tesco.com/v2/media/ghs/e154bac7-1107-4e59-8f35-c5d17dd9e73c/f49a7194-d9fe-4f66-908e-b9f13990f505_1482899604.jpeg?h=225&w=225,Food Cupboard,Free From
313370900,Graze Smoky Barbecue Crunch 100g,£2.50,£25.00/kg,,,False,,False,4.6,480,False,https://www.tesco.com/groceries/en-GB/products/313370900,https://digitalcontent.api.tesco.com/v2/media/ghs/2f261398-ab4b-4f8d-982c-217591411e78/ea767dcc-16dd-4bc0-87f1-efbbe381e321_50932918.jpeg?h=225&w=225,Food Cupboard,Free From
315384817,Deliciously Ella Cacao & Orange Baked Oat Bars 3 Pack 50g,£2.65,£1.77/100g,£2.10 Clubcard Price,(£1.40/100g),True,Offer valid for delivery from 18/04/2025 until 13/05/2025,False,,2,False,https://www.tesco.com/groceries/en-GB/products/315384817,https://digitalcontent.api.tesco.com/v2/media/ghs/97b1fc8a-759e-4d1b-b4f0-7ff82de94d9e/15304f78-9150-41bd-8509-576139030227_203142430.jpeg?h=225&w=225,Food Cupboard,Free From
315473793,Deliciously Ella Hazelnut Pecan & Maple Oat Bars 3 X 50G,£2.65,£1.77/100g,£2.10 Clubcard Price,(£1.40/100g),True,Offer valid for delivery from 18/04/2025 until 13/05/2025,False,,4,False,https://www.tesco.com/groceries/en-GB/products/315473793,https://digitalcontent.api.tesco.com/v2/media/ghs/343a07f8-0a35-408e-a579-2aa975396174/e94b14b3-5c74-497a-b8ae-642076aeeef6_114565942.jpeg?h=225&w=225,Food Cupboard,Free From
312842160,Graze Salt & Vinegar Crunch Protein Sharing Bag Snack 100G,£2.50,£25.00/kg,,,False,,False,4.5,151,False,https://www.tesco.com/groceries/en-GB/products/312842160,https://digitalcontent.api.tesco.com/v2/media/ghs/b7034904-e6de-4446-ba0b-75dde6a6eb7e/79034fcd-7e48-44fe-9310-0b15f2a89735_1797544695.jpeg?h=225&w=225,Food Cupboard,Free From
315333654,Genius Deliciously Gluten Free Blueberry Pancakes 6 pack,£2.25,£0.38/each,,,False,,False,,6,False,https://www.tesco.com/groceries/en-GB/products/315333654,https://digitalcontent.api.tesco.com/v2/media/ghs/8411d00e-a96e-408d-810d-aa57952828db/50836197-58d5-43b9-8c1e-04687ee985a1.jpeg?h=225&w=225,Food Cupboard,Free From
314416570,Plenish Organic Cashew Milk Dairy Alternative Long Life 1L,£2.25,£2.25/litre,,,False,,False,,,False,https://www.tesco.com/groceries/en-GB/products/314416570,https://digitalcontent.api.tesco.com/v2/media/ghs/47d909d6-3059-4eb4-bcac-1b22ae8f5473/adbce389-5de0-473c-a6d8-c53ccb130b17_1571893971.jpeg?h=225&w=225,Food Cupboard,Free From
313942754,Graze Honey Roast Crunch Snack Mix 100g,£2.50,£25.00/kg,,,False,,False,4.4,147,False,https://www.tesco.com/groceries/en-GB/products/313942754,https://digitalcontent.api.tesco.com/v2/media/ghs/dd996ff2-c132-43e1-8e4a-f8dd8a44ecd1/e8c5a2f7-c6f2-4ca9-93a0-2aa6bfed94bf_1287333370.jpeg?h=225&w=225,Food Cupboard,Free From
316662873,"Eat Natural Protein Bars - Maple Syrup, Pecans & Peanuts 3 Pack 40g",£2.60,£6.50/100g,,,False,,False,,,False,https://www.tesco.com/groceries/en-GB/products/316662873,https://digitalcontent.api.tesco.com/v2/media/ghs/4e0d2e67-351c-46c9-a599-67730072924f/19b4f2b7-55c2-4b46-89a9-0df2a7ad56a0_941689003.jpeg?h=225&w=225,Food Cupboard,Free From
316658844,"Eat Natural Fruit & Nut Bars - Apple, Ginger & Dark Chocolate 3 Pack 40g",£2.60,£6.50/100g,,,False,,False,2.6,5,False,https://www.tesco.com/groceries/en-GB/products/316658844,https://digitalcontent.api.tesco.com/v2/media/ghs/93dc4cbf-4d57-4b82-b2af-4591042dd801/1c179269-e854-4293-a686-d1395b662ba8_1444258351.jpeg?h=225&w=225,Food Cupboard,Free From
313615192,Genius Gluten Free Soft White Toastie Loaf Bread 430g,£2.75,£0.64/100g,£2.45 Clubcard Price,(£0.57/100g),True,Offer valid for delivery from 01/04/2025 until 21/04/2025,False,3.5,17,False,https://www.tesco.com/groceries/en-GB/products/313615192,https://digitalcontent.api.tesco.com/v2/media/ghs/4d285b5f-4f3e-49a7-8d86-c936e8d05d7b/4a1ea0ef-3dd7-4d95-b7c4-a3790fda6cae.jpeg?h=225&w=225,Food Cupboard,Free From
316650455,Eat Natural Fruit & Nut Vegan Peanuts Coconut & Dark Chocolate 40g X 3,£2.60,£6.50/100g,,,False,,False,3.8,5,False,https://www.tesco.com/groceries/en-GB/products/316650455,https://digitalcontent.api.tesco.com/v2/media/ghs/63f9529d-9c8e-4994-9332-7d3feb93565f/e9152719-89e7-4f7e-8ee3-4563f94bbd89_1742206558.jpeg?h=225&w=225,Food Cupboard,Free From
316437841,Deliciously Ella Chocolate Dipped Fruit And Nuts 90g,£2.75,£3.06/100g,£2.20 Clubcard Price,(£2.44/100g),True,Offer valid for delivery from 18/04/2025 until 13/05/2025,False,,2,False,https://www.tesco.com/groceries/en-GB/products/316437841,https://digitalcontent.api.tesco.com/v2/media/ghs/50632d5e-e82c-42d5-b77a-3b1f5eccf3f6/edcaa05f-61b4-4512-87c4-f2f0146bcd7a_2000935923.jpeg?h=225&w=225,Food Cupboard,Free From
317974911,Tesco Free From Cluckie The Chick Strawberry Flavour White Choc 100g,,,£4.45 Clubcard Price,(£4.45/100g),True,Offer valid for delivery from 08/04/2025 until 21/04/2025,False,,,False,https://www.tesco.com/groceries/en-GB/products/317974911,https://digitalcontent.api.tesco.com/v2/media/ghs/a1586e34-fa1e-49e7-9c30-b4142850eef5/2b75b0ca-4ce8-4673-8735-6faac7c356ca_1643115069.jpeg?h=225&w=225,Food Cupboard,Free From
325074172,Schar Gluten-Free Wafer Pocket - Hazelnut Cream 50g,£1.10,£22.00/kg,,,False,,False,,,False,https://www.tesco.com/groceries/en-GB/products/325074172,https://digitalcontent.api.tesco.com/v2/media/ghs/bad9df21-b74d-4747-946e-e2195d59d89f/14b7400c-919f-400c-9094-462e763fd1bb_294716131.jpeg?h=225&w=225,Food Cupboard,Free From
321321187,The Gut Stuff Cocoa & Hazelnut High Fibre Fruit & Nut Bar 35g,£1.30,£37.14/kg,,,False,,False,,,False,https://www.tesco.com/groceries/en-GB/products/321321187,https://digitalcontent.api.tesco.com/v2/media/ghs-mktg/b0b04216-fa73-466d-a9d7-c9fcfa1ce9b3/no-image.jpeg,Food Cupboard,Free From
316176106,Nairn's Gluten Free Mini Cheese Snacks 45g,£1.00,£2.22/100g,,,False,,False,,3,False,https://www.tesco.com/groceries/en-GB/products/316176106,https://digitalcontent.api.tesco.com/v2/media/ghs/05cb9271-b9f6-4e41-9018-8c0303e6c2b2/cb279e5c-ed37-45e3-b840-c87c3fa720f9_787205247.jpeg?h=225&w=225,Food Cupboard,Free From
318066654,NOMO Cookie Dough Bunny 25g,,,,,False,,False,,,False,https://www.tesco.com/groceries/en-GB/products/318066654,https://digitalcontent.api.tesco.com/v2/media/ghs/ee67c1e3-f09f-4c84-a5c5-1c76b81f971b/8fde72f2-0e97-4eae-a696-1e34691c29d9_488686159.jpeg?h=225&w=225,Food Cupboard,Free From
318068456,NOMO Choc Fudge Bunny 25g,£1.15,£4.60/100g,,,False,,False,,1,False,https://www.tesco.com/groceries/en-GB/products/318068456,https://digitalcontent.api.tesco.com/v2/media/ghs/b8df2fe2-39bf-4629-9af3-e25a1054977c/a389a457-0b6f-46c1-b22e-b60ec5218a08_1718118157.jpeg?h=225&w=225,Food Cupboard,Free From
313943459,Old Speckled Hen Gluten Free English Pale Ale 500Ml,£2.30,£4.60/litre,,,False,,False,,,False,https://www.tesco.com/groceries/en-GB/products/313943459,https://digitalcontent.api.tesco.com/v2/media/ghs/6234ab1a-e9a3-4f9a-9a67-dc0614920dad/351ac3ff-a936-40c4-843d-b89cf6b54207_1000885366.jpeg?h=225&w=225,Food Cupboard,Free From
316652384,Free Damm 0.0% Non-Alcoholic Lager 4x330ml Bottle,£4.25,£3.22/litre,,,False,,False,,2,False,https://www.tesco.com/groceries/en-GB/products/316652384,https://digitalcontent.api.tesco.com/v2/media/ghs/f341f465-0ab3-45ec-883b-807f7703ad48/dbb331bc-31ed-495d-94ed-efe4b0e533a4_896535276.jpeg?h=225&w=225,Food Cupboard,Free From
252004443,Heinz Baked Beans In Tomato Sauce 4X415g,£3.90,£2.35/kg,£3.50 Clubcard Price,(£2.11/kg),True,Offer valid for delivery from 17/04/2025 until 13/05/2025,False,,339,True,https://www.tesco.com/groceries/en-GB/products/252004443,https://digitalcontent.api.tesco.com/v2/media/ghs/0e17f10e-a40a-446c-9842-494f99222de5/231bd6fa-3be2-4e77-b28c-8d18bbe2175b.jpeg?h=225&w=225,Food Cupboard,"Tins, Cans & Packets"
254203210,Batchelors Cup A Soup Chicken & Vegetable Croutons 4 Pack 110G,£1.65,£1.50/100g,,,False,,False,3.9,44,True,https://www.tesco.com/groceries/en-GB/products/254203210,https://digitalcontent.api.tesco.com/v2/media/ghs/2d599cc8-ab45-4b28-b48c-bb1c16b0475e/3c0f26d2-9b27-4298-837e-ab9524893c79_924921846.jpeg?h=225&w=225,Food Cupboard,"Tins, Cans & Packets"
270974142,Batchelors Cup A Soup Chicken 4 Pack 81G,£1.65,£2.04/100g,,,False,,False,4.2,47,True,https://www.tesco.com/groceries/en-GB/products/270974142,https://digitalcontent.api.tesco.com/v2/media/ghs/42067029-64c8-47a1-82fb-96d70569d7eb/a0224c8b-78da-4490-a690-38156a595781_78377714.jpeg?h=225&w=225,Food Cupboard,"Tins, Cans & Packets"
258156783,Heinz Cream Of Tomato Soup 4 X 400G,£3.75,£0.23/100g,,,False,,False,4.5,176,False,https://www.tesco.com/groceries/en-GB/products/258156783,https://digitalcontent.api.tesco.com/v2/media/ghs/147ea1bb-9f54-4e0b-82e6-87e81c6d22aa/cb1ead0c-a1a1-453f-9d67-d4d5b4d3c6fd_1183475294.jpeg?h=225&w=225,Food Cupboard,"Tins, Cans & Packets"
300992005,Tesco Tuna Steaks with a Little Spring Water 110g,£1.20,£1.09/100g,,,False,,False,,55,False,https://www.tesco.com/groceries/en-GB/products/300992005,https://digitalcontent.api.tesco.com/v2/media/ghs/8965be92-aad8-49e5-9610-555df5dd59a2/2737d409-2883-4e32-b2cb-e24ca33c3759_2079500790.jpeg?h=225&w=225,Food Cupboard,"Tins, Cans & Packets"
252261477,Heinz Beanz In Tomato Sauce 415G,£1.40,£3.37/kg,Any 2 for £2 Clubcard Price - Selected Heinz Beanz 390g Or 415g,,True,Offer valid for delivery from 27/11/2024 until 13/05/2025,False,,349,False,https://www.tesco.com/groceries/en-GB/products/252261477,https://digitalcontent.api.tesco.com/v2/media/ghs/4eae7318-7827-41b0-93a4-05c8a9af655c/e78220d0-1b27-4287-8c64-8e2458ccc4be_1723038645.jpeg?h=225&w=225,Food Cupboard,"Tins, Cans & Packets"
254299631,Napolina Chopped Tomatoes 4 X 400G,£3.00,£1.88/kg,,,False,,False,3.7,32,False,https://www.tesco.com/groceries/en-GB/products/254299631,https://digitalcontent.api.tesco.com/v2/media/ghs/0957aa22-e076-4174-8d1f-4944b20d9f7f/dd6cdbe7-6b4a-4b40-8eac-ae1550baf2cb_602373744.jpeg?h=225&w=225,Food Cupboard,"Tins, Cans & Packets"
275205504,Branston Baked Beans In Tomato Sauce 410G,£1.00,£2.44/kg,,,False,,False,4.5,243,False,https://www.tesco.com/groceries/en-GB/products/275205504,https://digitalcontent.api.tesco.com/v2/media/ghs/7e44884b-d554-4203-85a0-801872eb5926/19486aa8-842f-4a91-81f6-be617b3f3d4b_393947488.jpeg?h=225&w=225,Food Cupboard,"Tins, Cans & Packets"
250993529,Heinz Beanz In Tomato Sauce 200G,£1.00,£5.00/kg,Any 2 for £1.50 Clubcard Price - Heinz Beanz In Tomato Sauce Or No Added Sugar 200g,,True,Offer valid for delivery from 27/11/2024 until 13/05/2025,False,,339,False,https://www.tesco.com/groceries/en-GB/products/250993529,https://digitalcontent.api.tesco.com/v2/media/ghs/4ae84b8c-c79b-40d2-9979-a1cd96cca6cd/1d980fa7-e60d-4b73-8e3d-f30cc2e72bcd_614863319.jpeg?h=225&w=225,Food Cupboard,"Tins, Cans & Packets"
300792772,Grower's Harvest Sliced Carrots 300G,,,,,False,,False,4.6,124,False,https://www.tesco.com/groceries/en-GB/products/300792772,https://digitalcontent.api.tesco.com/v2/media/ghs/a4eba9f7-93bd-43c3-a9a0-7a059d8963f8/6fa345b5-534e-4b5c-b810-01801b4baaa1_1996384998.jpeg?h=225&w=225,Food Cupboard,"Tins, Cans & Packets"
258147391,Heinz Cream Of Tomato Soup 400G,£1.70,£0.42/100g,5 for £5 or 10 for £9 Clubcard Price - Heinz Classic Soup 400g,,True,Offer valid for delivery from 27/11/2024 until 13/05/2025,False,4.5,187,False,https://www.tesco.com/groceries/en-GB/products/258147391,https://digitalcontent.api.tesco.com/v2/media/ghs/275d3160-a207-425d-b464-6e6f5b8ed531/5fe4a3d6-1682-4838-937c-59ff7ff1c90d_1411038030.jpeg?h=225&w=225,Food Cupboard,"Tins, Cans & Packets"
258147293,Heinz Cream Of Chicken Soup 400G,£1.70,£0.42/100g,5 for £5 or 10 for £9 Clubcard Price - Heinz Classic Soup 400g,,True,Offer valid for delivery from 27/11/2024 until 13/05/2025,False,4.2,78,False,https://www.tesco.com/groceries/en-GB/products/258147293,https://digitalcontent.api.tesco.com/v2/media/ghs/d11d22e2-53ad-480a-9fc1-49687c10c126/551cbeec-38ef-4f54-8125-46a2f375b3bf_1254861216.jpeg?h=225&w=225,Food Cupboard,"Tins, Cans & Packets"
301956693,Tesco Red Kidney Beans In Chilli 390G,,,,,False,,False,4.5,60,False,https://www.tesco.com/groceries/en-GB/products/301956693,https://digitalcontent.api.tesco.com/v2/media/ghs/09e4c4cd-5ab8-4d74-8048-fcceb97194c8/d7c00946-b09a-41db-a82f-2f8693f65f4a_1254800106.jpeg?h=225&w=225,Food Cupboard,"Tins, Cans & Packets"
258147794,Heinz Vegetable Soup 400G,£1.70,£0.42/100g,5 for £5 or 10 for £9 Clubcard Price - Heinz Classic Soup 400g,,True,Offer valid for delivery from 27/11/2024 until 13/05/2025,False,4.1,73,False,https://www.tesco.com/groceries/en-GB/products/258147794,https://digitalcontent.api.tesco.com/v2/media/ghs/a582eb3a-c673-4ad4-b4bc-833df9ced5db/a110632c-4961-4554-8f02-de58c2598493_259957613.jpeg?h=225&w=225,Food Cupboard,"Tins, Cans & Packets"
275205412,Batchelors Original Mushy Peas 300G,£0.60,£2.00/kg,,,False,,False,2.9,36,False,https://www.tesco.com/groceries/en-GB/products/275205412,https://digitalcontent.api.tesco.com/v2/media/ghs/318ec652-bf4a-4776-8ce4-f3a1818d9d41/f28f2f8f-419d-411d-b044-378dfd94b479_1647554652.jpeg?h=225&w=225,Food Cupboard,"Tins, Cans & Packets"
275205320,Batchelors Bigga Marrowfat Processed Peas 300G,£0.60,£3.33/kg DR.WT,,,False,,False,3.2,18,False,https://www.tesco.com/groceries/en-GB/products/275205320,https://digitalcontent.api.tesco.com/v2/media/ghs/e2bfaca6-997c-460f-9713-37c84bc57364/44cac104-be2c-476a-80f8-21cf1e3c87b5_594120030.jpeg?h=225&w=225,Food Cupboard,"Tins, Cans & Packets"
254873660,Tesco Marrow Fat Peas 300G,£0.50,£2.78/kg DR.WT,,,False,,False,4.2,77,False,https://www.tesco.com/groceries/en-GB/products/254873660,https://digitalcontent.api.tesco.com/v2/media/ghs/834359c7-1d59-42c6-bf84-feab15aaaa1e/61d2d1f6-6397-4a51-9d21-0456299cc4f4_228769742.jpeg?h=225&w=225,Food Cupboard,"Tins, Cans & Packets"
254875174,Green Giant Original Sweet Corn 198G,£1.00,£6.06/kg DR.WT,,,False,,False,4.7,71,False,https://www.tesco.com/groceries/en-GB/products/254875174,https://digitalcontent.api.tesco.com/v2/media/ghs/d3cf0993-fd11-4f54-aaa4-1e244409ed45/6cc9eab9-4f19-45d8-bd01-13460d6140a0_1854444751.jpeg?h=225&w=225,Food Cupboard,"Tins, Cans & Packets"
250412245,Tesco Cream Of Tomato Soup 400G,£0.65,£0.16/100g,,,False,,False,4.2,145,False,https://www.tesco.com/groceries/en-GB/products/250412245,https://digitalcontent.api.tesco.com/v2/media/ghs/be29dc93-727d-499f-b23d-a74a92989ad2/2dc3074e-2142-4625-a91e-29edd9da68bc_711691422.jpeg?h=225&w=225,Food Cupboard,"Tins, Cans & Packets"
303887546,Tesco Tuna Chunks In Spring Water 145G,£0.70,£0.69/100g DR.WT,,,False,,False,,50,False,https://www.tesco.com/groceries/en-GB/products/303887546,https://digitalcontent.api.tesco.com/v2/media/ghs/3c522724-dfae-40cd-bd2c-ca1296bb5614/10ef633d-c00f-47d9-92cc-bc5e5fb730e8_1211590506.jpeg?h=225&w=225,Food Cupboard,"Tins, Cans & Packets"
289055728,Tesco Spaghetti Rings In Tomato Sauce 410G,£0.40,£0.98/kg,,,False,,False,4.2,90,False,https://www.tesco.com/groceries/en-GB/products/289055728,https://digitalcontent.api.tesco.com/v2/media/ghs/d2bea9b8-5e00-49d8-b856-f482de18b9a0/3e1f95dc-a3c7-4789-8949-23e255221d6b_1676581495.jpeg?h=225&w=225,Food Cupboard,"Tins, Cans & Packets"
263903641,Tesco British Mushy Peas 300G,£0.50,£1.67/kg,,,False,,False,3.7,72,False,https://www.tesco.com/groceries/en-GB/products/263903641,https://digitalcontent.api.tesco.com/v2/media/ghs/2cef87f9-43e4-4be9-83a4-f6f58099b219/bae943f0-f922-4e2a-ae9b-e8a50533c54a_1139387247.jpeg?h=225&w=225,Food Cupboard,"Tins, Cans & Packets"
258574380,Tesco Sardines In Sunflower Oil 120G,£0.50,£0.60/100g DR.WT,,,False,,False,4.6,61,False,https://www.tesco.com/groceries/en-GB/products/258574380,https://digitalcontent.api.tesco.com/v2/media/ghs/57f11400-173b-4dcf-9e27-de1719ac405f/80df9396-af1f-48a0-80dd-8004d6ee0cd7_1476221937.jpeg?h=225&w=225,Food Cupboard,"Tins, Cans & Packets"
309203408,Tesco Reduced Sugar And Salt Baked Beans In Tomato Sauce 420G,,,,,False,,False,4.1,123,False,https://www.tesco.com/groceries/en-GB/products/309203408,https://digitalcontent.api.tesco.com/v2/media/ghs/66b963da-d410-47a5-adf9-caad74e0f0ec/d75c93e8-d232-48d6-9372-e67a97c0d9b0_1185103096.jpeg?h=225&w=225,Food Cupboard,"Tins, Cans & Packets"
303887523,Tesco Tuna Chunks In Brine 145G,,,,,False,,False,4.4,103,False,https://www.tesco.com/groceries/en-GB/products/303887523,https://digitalcontent.api.tesco.com/v2/media/ghs/78457053-a026-4961-9bcd-8d1f3e752144/6468def9-1a31-4b8f-896a-4e3f77a1ed31_888067173.jpeg?h=225&w=225,Food Cupboard,"Tins, Cans & Packets"
251825089,Tesco Italian Chopped Tomatoes 400G,£0.49,£1.22/kg,,,False,,False,3.8,73,False,https://www.tesco.com/groceries/en-GB/products/251825089,https://digitalcontent.api.tesco.com/v2/media/ghs/457aa3da-b667-42bf-a21b-4047e20b6d32/2161d93c-6469-41fe-9e75-09af8deec78b_367990590.jpeg?h=225&w=225,Food Cupboard,"Tins, Cans & Packets"
262490576,Tesco Chickpeas In Water 400G,£0.49,£2.04/kg DR.WT,,,False,,False,3.5,60,False,https://www.tesco.com/groceries/en-GB/products/262490576,https://digitalcontent.api.tesco.com/v2/media/ghs/02a8d99e-5f79-45b2-8928-a2918d49a466/44eeedd7-37db-44b9-87bc-93018e87ef16_274966265.jpeg?h=225&w=225,Food Cupboard,"Tins, Cans & Packets"
259061829,Tesco Red Kidney Beans In Water 400G,£0.49,£2.04/kg DR.WT,,,False,,False,2.5,52,False,https://www.tesco.com/groceries/en-GB/products/259061829,https://digitalcontent.api.tesco.com/v2/media/ghs/357612d9-87f4-41f9-9de8-eb40f903264f/0979e71e-7d2b-4841-841f-6ca0ceb9ff0a_1610060214.jpeg?h=225&w=225,Food Cupboard,"Tins, Cans & Packets"
258510116,Tesco Baked Beans In Tomato Sauce 420G,£0.43,£1.02/kg,,,False,,False,3.4,202,False,https://www.tesco.com/groceries/en-GB/products/258510116,https://digitalcontent.api.tesco.com/v2/media/ghs/5ad0f69e-44f6-4463-8a62-31136d66bc7e/64a15e25-c726-4509-9f2a-3b960e53de12_426981056.jpeg?h=225&w=225,Food Cupboard,"Tins, Cans & Packets"
254874296,Tesco Italian Tomato Passata 500G,,,,,False,,False,2.7,56,False,https://www.tesco.com/groceries/en-GB/products/254874296,https://digitalcontent.api.tesco.com/v2/media/ghs/207751cf-5909-4843-9c1f-d1eda1be14d9/c8d274c2-44bc-488b-bd9f-26eff8d5ba46_811451787.jpeg?h=225&w=225,Food Cupboard,"Tins, Cans & Packets"
250412487,Tesco Vegetable Soup 400G,£0.65,£0.16/100g,,,False,,False,4.1,88,False,https://www.tesco.com/groceries/en-GB/products/250412487,https://digitalcontent.api.tesco.com/v2/media/ghs/eaf4ba38-1015-44da-ac57-f21964f753a8/2a8d5ef3-74c9-49ea-b872-d81033a0e89a_1707416928.jpeg?h=225&w=225,Food Cupboard,"Tins, Cans & Packets"
254757959,Tesco Italian Finely Chopped Tomatoes 400G,£0.49,£1.22/kg,,,False,,False,4.7,163,False,https://www.tesco.com/groceries/en-GB/products/254757959,https://digitalcontent.api.tesco.com/v2/media/ghs/4a30b433-537f-4052-9a1a-6e64778a04ba/32523422-8c5f-4857-857c-87ef613b038c_1741249518.jpeg?h=225&w=225,Food Cupboard,"Tins, Cans & Packets"
299768716,Grower's Harvest Chopped Tomatoes 400G,£0.45,£1.12/kg,,,False,,False,3.3,104,False,https://www.tesco.com/groceries/en-GB/products/299768716,https://digitalcontent.api.tesco.com/v2/media/ghs/dea47680-9416-47b2-8bf5-d0b3476f911a/823d3aeb-1cbc-451c-88e4-76beb9f66f23_789328981.jpeg?h=225&w=225,Food Cupboard,"Tins, Cans & Packets"
251825037,Tesco Italian Peeled Plum Tomatoes 400G,£0.49,£1.22/kg,,,False,,False,3.6,53,False,https://www.tesco.com/groceries/en-GB/products/251825037,https://digitalcontent.api.tesco.com/v2/media/ghs/b9630d0e-fb6a-44d4-b4c0-d598a6a93517/41776d67-6422-42a5-baec-1f1dcee84d22_31867608.jpeg?h=225&w=225,Food Cupboard,"Tins, Cans & Packets"
256789198,Tesco British Garden Peas In Water 290G,£0.45,£2.57/kg DR.WT,,,False,,False,4.5,180,False,https://www.tesco.com/groceries/en-GB/products/256789198,https://digitalcontent.api.tesco.com/v2/media/ghs/47ffd86e-10d8-4b3a-bee0-452dcf0c71f2/6a25764a-57a9-4916-b14c-01283d7dc7ac_1560008334.jpeg?h=225&w=225,Food Cupboard,"Tins, Cans & Packets"
300522822,Grower's Harvest Plum Tomatoes 400G,£0.45,£1.12/kg,,,False,,False,3.5,52,False,https://www.tesco.com/groceries/en-GB/products/300522822,https://digitalcontent.api.tesco.com/v2/media/ghs/92cacdee-7787-4072-a106-e49438b6053d/8b389773-9472-4f31-9b64-7f4933fbc799_686821175.jpeg?h=225&w=225,Food Cupboard,"Tins, Cans & Packets"
252695430,Tesco Naturally Sweet Sweetcorn 200G,£0.49,£3.06/kg DR.WT,,,False,,False,3.9,57,False,https://www.tesco.com/groceries/en-GB/products/252695430,https://digitalcontent.api.tesco.com/v2/media/ghs/b73f5d73-b197-4b13-8bcf-f7dfc4f0e0bf/8d131a12-78ab-4706-971c-ca3978534c31_1355384624.jpeg?h=225&w=225,Food Cupboard,"Tins, Cans & Packets"
254875341,Tesco Naturally Sweet Sweetcorn 325G,£0.62,£2.38/kg DR.WT,,,False,,False,4.5,45,False,https://www.tesco.com/groceries/en-GB/products/254875341,https://digitalcontent.api.tesco.com/v2/media/ghs/328227c1-610f-4910-9e4d-1c166a067698/5544ac20-69eb-43f1-97c6-b5cf3d722155_535084778.jpeg?h=225&w=225,Food Cupboard,"Tins, Cans & Packets"
250412533,Tesco Cream Of Chicken Soup 400G,£0.65,£0.16/100g,,,False,,False,2.7,71,False,https://www.tesco.com/groceries/en-GB/products/250412533,https://digitalcontent.api.tesco.com/v2/media/ghs/37809574-6b26-4437-b3ff-0281bcc50f59/8ba60c07-fa01-42fa-a512-ad7f4f90c87d_1554235080.jpeg?h=225&w=225,Food Cupboard,"Tins, Cans & Packets"
310182373,Growers Harvest Sweetcorn 325G,£0.55,£2.12/kg DR.WT,,,False,,False,3.9,92,False,https://www.tesco.com/groceries/en-GB/products/310182373,https://digitalcontent.api.tesco.com/v2/media/ghs/c19ac5c6-cedb-4a44-8e2c-b3348a015220/8e91d83f-f419-418d-bd80-08ea6caab5b1_1998890084.jpeg?h=225&w=225,Food Cupboard,"Tins, Cans & Packets"
300808531,Growers Harvest Red Kidney Beans In Water 400G,£0.37,£0.00/kg DR.WT,,,False,,False,3.9,78,False,https://www.tesco.com/groceries/en-GB/products/300808531,https://digitalcontent.api.tesco.com/v2/media/ghs/faba67de-32b8-4afc-8c0e-ea48ac7d0df7/e89eeeef-e66e-4200-a24a-44a36eb995b7_25029322.jpeg?h=225&w=225,Food Cupboard,"Tins, Cans & Packets"
254876305,Tesco Baked Beans In Tomato Sauce 220G,£0.25,£1.14/kg,,,False,,False,4.2,87,False,https://www.tesco.com/groceries/en-GB/products/254876305,https://digitalcontent.api.tesco.com/v2/media/ghs/ee454895-8935-4e19-a536-a128ce1f8fa7/938dfa57-8f7c-41b5-a95f-a8d9d32724be_65993902.jpeg?h=225&w=225,Food Cupboard,"Tins, Cans & Packets"
300535536,Stockwell & Co Tuna Chunks In Brine 145G,£0.55,£0.54/100g DR.WT,,,False,,False,4.2,64,False,https://www.tesco.com/groceries/en-GB/products/300535536,https://digitalcontent.api.tesco.com/v2/media/ghs/80206af9-e240-44c4-ba75-c1aced5dca7b/ddd5a772-8e98-4f7b-8f55-e46ca82b90ac_1113187047.jpeg?h=225&w=225,Food Cupboard,"Tins, Cans & Packets"
299669062,Stockwell & Co Baked Beans In Tomato Sauce 420G,£0.28,£0.67/kg,,,False,,False,,192,False,https://www.tesco.com/groceries/en-GB/products/299669062,https://digitalcontent.api.tesco.com/v2/media/ghs/d8917a08-9d75-457f-990a-e16108d4e0cb/2259684c-55f9-439b-9677-c6178a506140_2020793860.jpeg?h=225&w=225,Food Cupboard,"Tins, Cans & Packets"
300534451,Stockwell & Co Spaghetti Rings 410G,£0.19,£0.46/kg,,,False,,False,4.3,54,False,https://www.tesco.com/groceries/en-GB/products/300534451,https://digitalcontent.api.tesco.com/v2/media/ghs/5c0b9237-73ff-450b-a632-3c10b4ce5304/352b33d9-3d60-43c2-9743-22e5bda1f4db_388119010.jpeg?h=225&w=225,Food Cupboard,"Tins, Cans & Packets"
300523965,Stockwell & Co Baked Beans & Pork Sausages 405G,£0.50,£1.24/kg,,,False,,False,,75,False,https://www.tesco.com/groceries/en-GB/products/300523965,https://digitalcontent.api.tesco.com/v2/media/ghs/ef7c83a3-a08f-4905-b5c9-7ba634b411d2/f14792bb-1eb7-4e7d-a032-60d438ac5a96_1770787243.jpeg?h=225&w=225,Food Cupboard,"Tins, Cans & Packets"
259051507,Tesco Baked Beans & Pork Sausages In Tomato Sauce 395G,£0.56,£1.42/kg,,,False,,False,,76,False,https://www.tesco.com/groceries/en-GB/products/259051507,https://digitalcontent.api.tesco.com/v2/media/ghs/b28612e8-203b-48b2-935d-7acdc0d66663/65cf7192-1b2a-40ab-b674-fc386058a260_1699888038.jpeg?h=225&w=225,Food Cupboard,"Tins, Cans & Packets"
264771074,Heinz Ravioli In Tomato Sauce 400G,£2.00,£5.00/kg,Any 3 for £4.50 Clubcard Price - Selected Heinz Beans And Pasta Meals 390g - 415g,,True,Offer valid for delivery from 16/04/2025 until 13/05/2025,False,,80,False,https://www.tesco.com/groceries/en-GB/products/264771074,https://digitalcontent.api.tesco.com/v2/media/ghs/201ba37f-a0fe-4b8c-abcc-469aaf803759/4f9b3c0c-7aef-4cf5-a09e-cfef78bb8aa6_370527978.jpeg?h=225&w=225,Food Cupboard,"Tins, Cans & Packets"
302197264,Princes Tuna Chunks In Spring Water 4X145g,£4.25,£1.04/100g DR.WT,,,False,,False,2.4,29,False,https://www.tesco.com/groceries/en-GB/products/302197264,https://digitalcontent.api.tesco.com/v2/media/ghs/0b1f2798-d86a-49a9-aeea-2854dfb23d8f/b7a156ee-8cdd-4c58-a287-350120f57cb1_1008038816.jpeg?h=225&w=225,Food Cupboard,"Tins, Cans & Packets"
303881564,Wikinger 8 Hot Dogs 550G,£2.00,£0.56/100g DR.WT,,,False,,False,3.6,21,False,https://www.tesco.com/groceries/en-GB/products/303881564,https://digitalcontent.api.tesco.com/v2/media/ghs/6519135a-e769-4bd7-930a-82a8dd862f75/5638a686-ef80-4e2d-aafe-82e1917ec593_1171332263.jpeg?h=225&w=225,Food Cupboard,"Tins, Cans & Packets"
300992028,Tesco Tuna Steaks with a Little Sunflower Oil 110g,£1.20,£1.09/100g,,,False,,False,4.2,42,False,https://www.tesco.com/groceries/en-GB/products/300992028,https://digitalcontent.api.tesco.com/v2/media/ghs/43cadb23-10d8-4d25-b43a-447da093c1f5/58e1517a-c869-4d9d-9cb6-df75083d3138_1653378682.jpeg?h=225&w=225,Food Cupboard,"Tins, Cans & Packets"
295444766,Heinz No Added Sugar Beanz 415g,£1.40,£3.37/kg,Any 2 for £2 Clubcard Price - Selected Heinz Beanz 390g Or 415g,,True,Offer valid for delivery from 27/11/2024 until 13/05/2025,False,,89,False,https://www.tesco.com/groceries/en-GB/products/295444766,https://digitalcontent.api.tesco.com/v2/media/ghs/0a43a34e-2922-46ad-ae20-7ea56290c30f/9687aa84-a2c0-465c-b395-844f587bc7ae_1287652273.jpeg?h=225&w=225,Food Cupboard,"Tins, Cans & Packets"
275205441,Branston Baked Beans In Tomato Sauce 220G,£0.60,£2.73/kg,,,False,,False,4.4,24,False,https://www.tesco.com/groceries/en-GB/products/275205441,https://digitalcontent.api.tesco.com/v2/media/ghs/75f8f111-4269-4905-a67f-954b1498c6db/3e266ea9-10fc-45d8-8229-54b87c88bb28_399240738.jpeg?h=225&w=225,Food Cupboard,"Tins, Cans & Packets"
254874209,Napolina Chopped Tomatoes 400G,£1.00,£2.50/kg,,,False,,False,4.7,12,False,https://www.tesco.com/groceries/en-GB/products/254874209,https://digitalcontent.api.tesco.com/v2/media/ghs/605fda51-8bfd-4a18-9502-575a183b0775/f8c36d8d-bdb9-400f-b3e9-f50a7e5ed3cc_401601766.jpeg?h=225&w=225,Food Cupboard,"Tins, Cans & Packets"
254875197,Green Giant Original Sweet Corn 340G,£1.25,£4.39/kg DR.WT,Any 2 for £2.20 Clubcard Price - Selected Green Giant Sweetcorn 340g,,True,Offer valid for delivery from 19/03/2025 until 02/09/2025,False,4.6,5,False,https://www.tesco.com/groceries/en-GB/products/254875197,https://digitalcontent.api.tesco.com/v2/media/ghs/6b19c148-2143-40f9-8a62-c527c65d8ecb/23e880bd-e6fa-452a-8d8e-917b19082ab4_334941583.jpeg?h=225&w=225,Food Cupboard,"Tins, Cans & Packets"
258147016,Heinz Big Soup - Chicken & Veg 400g,£2.00,£0.50/100g,Any 3 for £4 Clubcard Price - Selected Heinz Big Soup 400g,,True,Offer valid for delivery from 27/11/2024 until 13/05/2025,False,3.9,50,False,https://www.tesco.com/groceries/en-GB/products/258147016,https://digitalcontent.api.tesco.com/v2/media/ghs/d4ffe05d-4607-4cb7-811f-0e5a123e8efe/01cf0bbf-8fcb-4bd0-9e74-b5505e0fa6c8_1215919916.jpeg?h=225&w=225,Food Cupboard,"Tins, Cans & Packets"
258400811,Heinz Spaghetti Hoops In Tomato Sauce 400G,£1.25,£3.12/kg,Any 2 for £2 Clubcard Price - Selected Heinz Beanz 390g Or 415g,,True,Offer valid for delivery from 27/11/2024 until 13/05/2025,False,4.4,139,False,https://www.tesco.com/groceries/en-GB/products/258400811,https://digitalcontent.api.tesco.com/v2/media/ghs/c807c8c2-9cd2-490f-8cb9-8b2418bca2ae/8a0b41fa-3174-41fe-b719-c637123f21b0_2002948897.jpeg?h=225&w=225,Food Cupboard,"Tins, Cans & Packets"
258306226,Heinz Spaghetti In Tomato Sauce 400G,£1.25,£3.12/kg,Any 2 for £2 Clubcard Price - Selected Heinz Beanz 390g Or 415g,,True,Offer valid for delivery from 27/11/2024 until 13/05/2025,False,,55,False,https://www.tesco.com/groceries/en-GB/products/258306226,https://digitalcontent.api.tesco.com/v2/media/ghs/e2bb21fa-ddd8-4765-bb58-27998310e8fd/89db15bd-fc90-4aa2-83df-d09da72b6b6d_1955975612.jpeg?h=225&w=225,Food Cupboard,"Tins, Cans & Packets"
254900030,Del Monte Peach Slices In Juice 415G,£1.20,£4.80/kg DR.WT,,,False,,False,,22,False,https://www.tesco.com/groceries/en-GB/products/254900030,https://digitalcontent.api.tesco.com/v2/media/ghs/75bdf426-4bcd-40ab-8961-5994ab229cad/200f81f5-b667-4eb8-a692-182960e2489c_1870639677.jpeg?h=225&w=225,Food Cupboard,"Tins, Cans & Packets"
259062039,Tesco Prunes In Juice 410G,£1.10,£4.68/kg DR.WT,,,False,,False,4.4,49,False,https://www.tesco.com/groceries/en-GB/products/259062039,https://digitalcontent.api.tesco.com/v2/media/ghs/bbee96ff-14f9-42a5-b553-ba1d9e5821bb/8ccf84db-8c53-4392-b2ba-99eb86cfd5cb_1527271496.jpeg?h=225&w=225,Food Cupboard,"Tins, Cans & Packets"
254901582,Del Monte Fruit Cocktail In Juice 415G,£1.20,£4.80/kg DR.WT,,,False,,False,3.1,18,False,https://www.tesco.com/groceries/en-GB/products/254901582,https://digitalcontent.api.tesco.com/v2/media/ghs/8fde6e83-37cb-45ad-b5c2-34a62a40ff74/10fce85a-0c7b-47ea-afec-89df4abdce5f_1517535031.jpeg?h=225&w=225,Food Cupboard,"Tins, Cans & Packets"
260530320,Ye Olde Oak 8 Hot Dogs 400G,£0.99,£0.54/100g DR.WT,,,False,,False,1.9,22,False,https://www.tesco.com/groceries/en-GB/products/260530320,https://digitalcontent.api.tesco.com/v2/media/ghs/74614f75-d687-4b8b-988e-736a4e554712/fb892995-4c99-43df-ad1b-46b83b7ef9ee_1826433908.jpeg?h=225&w=225,Food Cupboard,"Tins, Cans & Packets"
295444789,Heinz Baked Beans No Added Sugar 200G,£1.00,£5.00/kg,Any 2 for £1.50 Clubcard Price - Heinz Beanz In Tomato Sauce Or No Added Sugar 200g,,True,Offer valid for delivery from 27/11/2024 until 13/05/2025,False,,335,False,https://www.tesco.com/groceries/en-GB/products/295444789,https://digitalcontent.api.tesco.com/v2/media/ghs/10219c45-0d2e-4aa2-b2e7-51d6f5714ab9/9178f547-8f7c-4683-9467-61ac31114402_1601449553.jpeg?h=225&w=225,Food Cupboard,"Tins, Cans & Packets"
308859526,Tesco Pineapple Chunks In Juice 425G,£1.10,£4.23/kg DR.WT,,,False,,False,4.5,54,False,https://www.tesco.com/groceries/en-GB/products/308859526,https://digitalcontent.api.tesco.com/v2/media/ghs/b400024b-4246-491e-8a5e-ad968b91feb5/3c4929d2-791c-42ae-9f1d-abf25088b74a_1400788965.jpeg?h=225&w=225,Food Cupboard,"Tins, Cans & Packets"
255605263,Tesco Pineapple Slices In Juice 227G,£0.80,£0.01/kg DR.WT,,,False,,False,4.5,138,False,https://www.tesco.com/groceries/en-GB/products/255605263,https://digitalcontent.api.tesco.com/v2/media/ghs/fd34bda5-a9af-45f5-b602-360e35d5bd08/5b4d1328-7871-4487-824c-989d58bb74f4_625573569.jpeg?h=225&w=225,Food Cupboard,"Tins, Cans & Packets"
259061910,Tesco Taco Mixed Beans Spicy Tomato Sauce 395G,£0.85,£2.15/kg,,,False,,False,4.4,49,False,https://www.tesco.com/groceries/en-GB/products/259061910,https://digitalcontent.api.tesco.com/v2/media/ghs/6a691686-a243-449b-93b7-1b0abe3e2e18/c1e4b3ca-31c0-4501-9864-a5aae23ea426_1798443427.jpeg?h=225&w=225,Food Cupboard,"Tins, Cans & Packets"
254901000,Tesco Mandarin Segments In Juice 298G,£0.80,£4.57/kg DR.WT,,,False,,False,3.6,106,False,https://www.tesco.com/groceries/en-GB/products/254901000,https://digitalcontent.api.tesco.com/v2/media/ghs/66be13d9-ab54-4518-9966-937e428a2531/9627c8e6-9cea-41a6-aa44-8ca5c572daca_1064264370.jpeg?h=225&w=225,Food Cupboard,"Tins, Cans & Packets"
258147333,Heinz Cream Of Mushroom Soup 400G,£1.70,£0.42/100g,5 for £5 or 10 for £9 Clubcard Price - Heinz Classic Soup 400g,,True,Offer valid for delivery from 27/11/2024 until 13/05/2025,False,4.6,57,False,https://www.tesco.com/groceries/en-GB/products/258147333,https://digitalcontent.api.tesco.com/v2/media/ghs/a80b2924-5a2c-48c9-b45d-881744663050/e48f2142-3fa2-44be-be66-99036c45d64d_271314819.jpeg?h=225&w=225,Food Cupboard,"Tins, Cans & Packets"
258147523,Heinz Oxtail Soup 400G,£1.70,£0.42/100g,5 for £5 or 10 for £9 Clubcard Price - Heinz Classic Soup 400g,,True,Offer valid for delivery from 27/11/2024 until 13/05/2025,False,,60,False,https://www.tesco.com/groceries/en-GB/products/258147523,https://digitalcontent.api.tesco.com/v2/media/ghs/398fd02a-4d9e-47bb-94d1-21a12bdad092/98b0c03a-d186-4e7c-acd5-2c6ed4b37816_1372945341.jpeg?h=225&w=225,Food Cupboard,"Tins, Cans & Packets"
268699793,Heinz Carrot & Coriander Soup 400G,£1.70,£0.42/100g,5 for £5 or 10 for £9 Clubcard Price - Heinz Classic Soup 400g,,True,Offer valid for delivery from 27/11/2024 until 13/05/2025,False,4.5,48,False,https://www.tesco.com/groceries/en-GB/products/268699793,https://digitalcontent.api.tesco.com/v2/media/ghs/1dcdcd91-14c6-4dda-a9cc-a97175de8a2d/36d85138-7942-4808-be01-63ac0418e010_1597522867.jpeg?h=225&w=225,Food Cupboard,"Tins, Cans & Packets"
258147609,Heinz Potato & Leek Soup 400G,£1.70,£0.42/100g,5 for £5 or 10 for £9 Clubcard Price - Heinz Classic Soup 400g,,True,Offer valid for delivery from 27/11/2024 until 13/05/2025,False,3.1,44,False,https://www.tesco.com/groceries/en-GB/products/258147609,https://digitalcontent.api.tesco.com/v2/media/ghs/1daae1f6-84f5-4a5f-9708-3ba425932623/ad724594-dfed-409d-a57e-ab38c26ac01c_2028036909.jpeg?h=225&w=225,Food Cupboard,"Tins, Cans & Packets"
256639288,Heinz Chicken Noodle Soup 400G,£1.70,£0.42/100g,5 for £5 or 10 for £9 Clubcard Price - Heinz Classic Soup 400g,,True,Offer valid for delivery from 27/11/2024 until 13/05/2025,False,3.6,41,False,https://www.tesco.com/groceries/en-GB/products/256639288,https://digitalcontent.api.tesco.com/v2/media/ghs/955f9cdf-e572-4d77-a85d-41fc51caae06/e0b7be8e-3381-4419-93ce-8273272c15da_1941484823.jpeg?h=225&w=225,Food Cupboard,"Tins, Cans & Packets"
254875329,Green Giant Salt Free Sweetcorn 198G,£1.00,£6.06/kg DR.WT,,,False,,False,4.6,44,False,https://www.tesco.com/groceries/en-GB/products/254875329,https://digitalcontent.api.tesco.com/v2/media/ghs/98aea018-6b64-47fe-8709-8be75720feb9/a83fc1f2-6794-418f-a542-e52c0fdb90aa_2101225128.jpeg?h=225&w=225,Food Cupboard,"Tins, Cans & Packets"
258147402,Heinz Lentil Soup 400G,£1.70,£0.42/100g,5 for £5 or 10 for £9 Clubcard Price - Heinz Classic Soup 400g,,True,Offer valid for delivery from 27/11/2024 until 13/05/2025,False,3.6,58,False,https://www.tesco.com/groceries/en-GB/products/258147402,https://digitalcontent.api.tesco.com/v2/media/ghs/570acfcf-02ed-415d-a8f0-539855e55850/36af233d-2f88-4255-a603-cfc36d61c052_853079305.jpeg?h=225&w=225,Food Cupboard,"Tins, Cans & Packets"
254876294,Heinz Baked Beans In Tomato Sauce 150G,£0.65,£4.33/kg,,,False,,False,,335,False,https://www.tesco.com/groceries/en-GB/products/254876294,https://digitalcontent.api.tesco.com/v2/media/ghs/b5a07083-1755-478e-a106-ea79007b9815/17fd8b35-fd00-43a9-82b1-f81d2803a039_1585334495.jpeg?h=225&w=225,Food Cupboard,"Tins, Cans & Packets"
258147425,Heinz Minestrone Soup 400G,£1.70,£0.42/100g,5 for £5 or 10 for £9 Clubcard Price - Heinz Classic Soup 400g,,True,Offer valid for delivery from 27/11/2024 until 13/05/2025,False,4.3,56,False,https://www.tesco.com/groceries/en-GB/products/258147425,https://digitalcontent.api.tesco.com/v2/media/ghs/8a7226e7-8b81-40c8-8241-84a532f0d649/0bb13ec8-ad5b-4fc4-99ab-6b8dc61e1a06_102755984.jpeg?h=225&w=225,Food Cupboard,"Tins, Cans & Packets"
314300787,Summer Pride Chickpeas In Salted Water 380g,£0.70,£3.04/kg DR.WT,50p Clubcard Price,(£2.17/kg DR.WT),True,Offer valid for delivery from 19/02/2025 until 21/04/2025,False,,4,False,https://www.tesco.com/groceries/en-GB/products/314300787,https://digitalcontent.api.tesco.com/v2/media/ghs/e1b2c26b-583b-4e40-9b40-179d144b9c28/69522c5d-fe80-40c5-8f05-8cd61061a56d_335262867.jpeg?h=225&w=225,Food Cupboard,"Tins, Cans & Packets"
252750146,Heinz Spaghetti Hoops In Tomato Sauce 205G,£0.90,£4.39/kg,,,False,,False,4.5,138,False,https://www.tesco.com/groceries/en-GB/products/252750146,https://digitalcontent.api.tesco.com/v2/media/ghs/7bf3f1f9-0d44-44bd-ad7c-5ace35cb8fb3/758f07b5-c11a-425f-92eb-68c80cced7bd_1607634044.jpeg?h=225&w=225,Food Cupboard,"Tins, Cans & Packets"
256228356,Tesco Sliced Carrots In Water 300G,£0.50,£3.12/kg DR.WT,,,False,,False,4.6,119,False,https://www.tesco.com/groceries/en-GB/products/256228356,https://digitalcontent.api.tesco.com/v2/media/ghs/bd91b59f-de7d-4d70-9504-ecb5d1409c1e/28cb787c-0778-4018-906b-daea64f3d46e_1201746034.jpeg?h=225&w=225,Food Cupboard,"Tins, Cans & Packets"
258574702,Tesco Skinless Boneless Scottish Mackerel In Tomato Sauce 125G,£0.95,£0.76/100g,,,False,,False,4.5,60,False,https://www.tesco.com/groceries/en-GB/products/258574702,https://digitalcontent.api.tesco.com/v2/media/ghs/5d7a5aac-c855-4f57-80a5-888c20e66f42/4d443384-2198-4dc6-b31c-15ae10ec0b91_302216738.jpeg?h=225&w=225,Food Cupboard,"Tins, Cans & Packets"
254900600,Tesco Pear Quarters in Juice 410g,£1.10,£4.89/kg DR.WT,,,False,,False,,80,False,https://www.tesco.com/groceries/en-GB/products/254900600,https://digitalcontent.api.tesco.com/v2/media/ghs/c575f406-6c6b-4141-b7bf-ac7e2b42560b/968a1c31-e798-4942-b02a-4e03599dd3fb_964755020.jpeg?h=225&w=225,Food Cupboard,"Tins, Cans & Packets"
258574760,Tesco Skinless Boneless Scottish Mackerel In Brine 125G,£0.95,£1.08/100g DR.WT,,,False,,False,4.8,70,False,https://www.tesco.com/groceries/en-GB/products/258574760,https://digitalcontent.api.tesco.com/v2/media/ghs/431e8fb6-e451-477b-bea9-a7251bbdda21/4914b9ee-e9d4-45c8-983a-7fbc4eb978ff_1502287992.jpeg?h=225&w=225,Food Cupboard,"Tins, Cans & Packets"
313957420,Summer Pride Red Kidney Beans In Salted Water 380g,£0.65,£2.83/kg DR.WT,50p Clubcard Price,(£2.17/kg DR.WT),True,Offer valid for delivery from 19/02/2025 until 21/04/2025,False,,,False,https://www.tesco.com/groceries/en-GB/products/313957420,https://digitalcontent.api.tesco.com/v2/media/ghs/8e45cbf7-542a-4491-b2a4-611a92c74b8c/ad4875f1-b042-46ca-a1b5-c6175f4bdaf6_315356398.jpeg?h=225&w=225,Food Cupboard,"Tins, Cans & Packets"
250412579,Tesco Cream Of Mushroom Soup 400G,£0.65,£0.16/100g,,,False,,False,3.9,87,False,https://www.tesco.com/groceries/en-GB/products/250412579,https://digitalcontent.api.tesco.com/v2/media/ghs/1d3d4b3b-ef97-46c8-bc67-9c8cce9b478b/d78496c4-bd77-431d-8228-111f11e38b3c_1948100239.jpeg?h=225&w=225,Food Cupboard,"Tins, Cans & Packets"
303882199,Tesco Tuna Chunks In Sunflower Oil 145G,£0.70,£0.69/100g DR.WT,,,False,,False,4.3,61,False,https://www.tesco.com/groceries/en-GB/products/303882199,https://digitalcontent.api.tesco.com/v2/media/ghs/a0371e5b-24e9-48b3-a446-3c2ba747d424/014f0373-41e4-46a4-9548-a4ed529577ae_1800838736.jpeg?h=225&w=225,Food Cupboard,"Tins, Cans & Packets"
264129006,Tesco Green Lentils In Water 390G,,,,,False,,False,4.9,82,False,https://www.tesco.com/groceries/en-GB/products/264129006,https://digitalcontent.api.tesco.com/v2/media/ghs/7f4ad1c1-7913-4ae0-9176-685397beebbd/0ffe06f3-d6a2-4788-95ca-fc1e49ff3fe8_360965887.jpeg?h=225&w=225,Food Cupboard,"Tins, Cans & Packets"
250412470,Tesco Minestrone Soup 400G,£0.65,£0.16/100g,,,False,,False,4.4,83,False,https://www.tesco.com/groceries/en-GB/products/250412470,https://digitalcontent.api.tesco.com/v2/media/ghs/fc73c8f2-8a0b-4133-9d64-d9656ef1c372/e71a8c57-0f70-4afd-bd50-da7932c591ee_639468849.jpeg?h=225&w=225,Food Cupboard,"Tins, Cans & Packets"
254051665,Tesco Italian Chopped Tomatoes227g,£0.45,£1.98/kg,,,False,,False,4.7,240,False,https://www.tesco.com/groceries/en-GB/products/254051665,https://digitalcontent.api.tesco.com/v2/media/ghs/fe546f39-e1d4-4169-a266-af2df3f500d5/7b836639-676b-40f3-a4e5-72c828cb52fd_1714027517.jpeg?h=225&w=225,Food Cupboard,"Tins, Cans & Packets"
300594632,The Grower's Harvest Mushy Peas 300g,£0.35,£1.17/kg,,,False,,False,3.2,65,False,https://www.tesco.com/groceries/en-GB/products/300594632,https://digitalcontent.api.tesco.com/v2/media/ghs/12c28f1d-e70b-48cc-aa0e-0b7aa10fc504/9e66bd60-eda7-471b-9a0c-774c28ad1f18_183480981.jpeg?h=225&w=225,Food Cupboard,"Tins, Cans & Packets"
253951621,Tesco Mackerel in Sunflower Oil 125g,£0.95,£1.08/100g DR.WT,,,False,,False,4.7,57,False,https://www.tesco.com/groceries/en-GB/products/253951621,https://digitalcontent.api.tesco.com/v2/media/ghs/dcbed073-fb30-4a26-abfd-9e18c220f741/f9773294-6991-411c-a378-92fa94595782_1478312046.jpeg?h=225&w=225,Food Cupboard,"Tins, Cans & Packets"
267153496,Tesco Mulligatawny Soup 400G,£0.65,£0.16/100g,,,False,,False,3.7,73,False,https://www.tesco.com/groceries/en-GB/products/267153496,https://digitalcontent.api.tesco.com/v2/media/ghs/8c51ab24-a131-4610-af57-96716f155e04/594bb2ac-dc08-4d4e-b538-d35f0a91f001_1134938094.jpeg?h=225&w=225,Food Cupboard,"Tins, Cans & Packets"
309189073,Tesco Reduced Sugar & Salt Baked Beans 220G,£0.25,£1.14/kg,,,False,,False,4.2,50,False,https://www.tesco.com/groceries/en-GB/products/309189073,https://digitalcontent.api.tesco.com/v2/media/ghs/b8c82df3-d071-44a9-bf45-fb7e55f42a39/52969892-4cb6-4503-b400-536f41eae6b7_140376943.jpeg?h=225&w=225,Food Cupboard,"Tins, Cans & Packets"
300594655,Growers Harvest Garden Peas In Water 300G,£0.28,£1.51/kg DR.WT,,,False,,False,4.5,102,False,https://www.tesco.com/groceries/en-GB/products/300594655,https://digitalcontent.api.tesco.com/v2/media/ghs/256f3305-7f7e-4587-88bd-90038f52e42a/d367d73a-056e-4e75-ac46-f91357a217c0_1702103814.jpeg?h=225&w=225,Food Cupboard,"Tins, Cans & Packets"
253034146,Heinz Baked Beans In Tomato Sauce 6 X 415G,£5.25,£2.11/kg,Any 2 for £8 Clubcard Price - Selected Heinz Baked Beans In Tomato Sauce,,True,Offer valid for delivery from 26/02/2025 until 29/04/2025,False,,335,False,https://www.tesco.com/groceries/en-GB/products/253034146,https://digitalcontent.api.tesco.com/v2/media/ghs/471ab80d-d384-4181-bdf2-3a5afeed9aeb/537fd8ef-03ee-48fd-b526-2d7e3eed975f_1161173288.jpeg?h=225&w=225,Food Cupboard,"Tins, Cans & Packets"
256534728,Tesco Red Split Lentils 500G,£2.00,£4.00/kg,,,False,,False,4.8,51,False,https://www.tesco.com/groceries/en-GB/products/256534728,https://digitalcontent.api.tesco.com/v2/media/ghs/251ee0a7-b37e-4981-a09b-39715c84f14d/a6af220b-363a-4270-b2ef-bb797f58feb2_1201884308.jpeg?h=225&w=225,Food Cupboard,"Tins, Cans & Packets"
302197644,Princes Tuna Chunks In Brine 4X145g,,,,,False,,False,2.9,12,False,https://www.tesco.com/groceries/en-GB/products/302197644,https://digitalcontent.api.tesco.com/v2/media/ghs/7307f0e6-08bf-4a5e-852a-afb987437f05/f9e1b839-1110-48af-a151-64d9a0122042_273491557.jpeg?h=225&w=225,Food Cupboard,"Tins, Cans & Packets"
262876719,Tesco Red Split Lentils 1Kg,£2.50,£2.50/kg,,,False,,False,4.6,51,False,https://www.tesco.com/groceries/en-GB/products/262876719,https://digitalcontent.api.tesco.com/v2/media/ghs/c56cad7c-8329-4d23-aa1b-6a7cd401b1b1/a4b5011d-453d-4ba6-a11b-bc6e3b4c2491_156240038.jpeg?h=225&w=225,Food Cupboard,"Tins, Cans & Packets"
295444806,Heinz No Added Sugar Baked Beanz 4 x 415g,£3.90,£2.35/kg,£3.50 Clubcard Price,(£2.11/kg),True,Offer valid for delivery from 17/04/2025 until 13/05/2025,False,4.3,81,False,https://www.tesco.com/groceries/en-GB/products/295444806,https://digitalcontent.api.tesco.com/v2/media/ghs/a167fe18-63f4-4e8b-971b-604f9f3d4568/2ae4dc9e-351a-4232-a797-6cbb421d92c3_1303410812.jpeg?h=225&w=225,Food Cupboard,"Tins, Cans & Packets"
301554304,John West No Drain Fridge Pot Tuna Steak with a Little Spring Water 110g,£1.50,£1.36/100g,,,False,,False,4.2,8,False,https://www.tesco.com/groceries/en-GB/products/301554304,https://digitalcontent.api.tesco.com/v2/media/ghs/a7925220-28a9-4ee8-bcb3-8e192b089bf7/420fa823-3c59-4b8d-be41-4aee7525da65_529922421.jpeg?h=225&w=225,Food Cupboard,"Tins, Cans & Packets"
260748351,Heinz Cream Of Chicken Soup 4 X 400G,£3.75,£0.23/100g,,,False,,False,4.5,66,False,https://www.tesco.com/groceries/en-GB/products/260748351,https://digitalcontent.api.tesco.com/v2/media/ghs/f421e024-c0bc-4c91-a9b5-a1b1179e63fe/1d12619c-67c9-49dc-9052-2a84119f342f_1015770980.jpeg?h=225&w=225,Food Cupboard,"Tins, Cans & Packets"
295444841,Heinz No Added Sugar Beanz Snap Pots 4 x 200g,£3.50,£4.38/kg,Any 2 for £6 Clubcard Price - Selected Heinz Snap Pots,,True,Offer valid for delivery from 04/04/2025 until 13/05/2025,False,,338,False,https://www.tesco.com/groceries/en-GB/products/295444841,https://digitalcontent.api.tesco.com/v2/media/ghs/0f1d60f1-de79-4d08-b205-561346840744/eb470ddd-f1d1-4aee-ab4a-2718fb245afb_579768919.jpeg?h=225&w=225,Food Cupboard,"Tins, Cans & Packets"
300991951,Tesco Tuna Steaks With A Little Brine 110g,£1.20,£1.09/100g,,,False,,False,,17,False,https://www.tesco.com/groceries/en-GB/products/300991951,https://digitalcontent.api.tesco.com/v2/media/ghs/ccfa3b96-6efc-4e77-bc79-ff4e271acca8/bf851cae-2348-4b8c-ae06-8602a6a11e99_1565133875.jpeg?h=225&w=225,Food Cupboard,"Tins, Cans & Packets"
284478339,Heinz Cream Of Tomato Cup Soup 4 Pack 88G,£1.50,£1.70/100g,,,False,,False,4.4,61,False,https://www.tesco.com/groceries/en-GB/products/284478339,https://digitalcontent.api.tesco.com/v2/media/ghs/b4e089c0-3d85-4a03-a8d7-7265bf614af4/df9f70dc-2da5-40e0-9259-b97eb4a84462_1314769176.jpeg?h=225&w=225,Food Cupboard,"Tins, Cans & Packets"
270900985,Campbell's Condensed Soup Cream of Chicken 295g,£1.50,£0.51/100g,,,False,,False,4.4,18,False,https://www.tesco.com/groceries/en-GB/products/270900985,https://digitalcontent.api.tesco.com/v2/media/ghs/6b1e72f7-7d46-4911-8909-d315a2341ca8/a8ef0e0d-97d2-4345-8622-9e0af10ef832_165049774.jpeg?h=225&w=225,Food Cupboard,"Tins, Cans & Packets"
250833069,Cirio Passata Carton 500G,£1.25,£2.50/kg,95p Clubcard Price,(£1.90/kg),True,Offer valid for delivery from 16/04/2025 until 13/05/2025,False,4.8,12,False,https://www.tesco.com/groceries/en-GB/products/250833069,https://digitalcontent.api.tesco.com/v2/media/ghs/acf587fb-0761-44fd-b012-e191924adfa1/17a8b3a2-5f7c-40cb-82e7-cc51febda91b_590771960.jpeg?h=225&w=225,Food Cupboard,"Tins, Cans & Packets"
263741025,Napolina Tomato Passata 500G,£1.20,£2.40/kg,,,False,,False,,7,False,https://www.tesco.com/groceries/en-GB/products/263741025,https://digitalcontent.api.tesco.com/v2/media/ghs/2d052df4-bca0-4380-92e4-434e41451bb5/a53b3073-1a4e-4da2-98a7-4dab654b8ced_2071843727.jpeg?h=225&w=225,Food Cupboard,"Tins, Cans & Packets"
259200234,Princes Corned Beef 340G,£3.60,£1.06/100g,,,False,,False,2.7,40,False,https://www.tesco.com/groceries/en-GB/products/259200234,https://digitalcontent.api.tesco.com/v2/media/ghs/17f6e203-21fb-4189-a05b-1c959899453a/eeb0d38a-1abe-428a-b334-c43a4101f965_270910447.jpeg?h=225&w=225,Food Cupboard,"Tins, Cans & Packets"
256768198,Batchelors Cup A Soup Creamy Potato & Leek 4 Pack 107G,£1.65,£1.54/100g,,,False,,False,,59,False,https://www.tesco.com/groceries/en-GB/products/256768198,https://digitalcontent.api.tesco.com/v2/media/ghs/84afbe05-0a2c-4998-8757-f507af4f4c11/3ac21005-5f42-400e-b44c-70f2813c809f_496839339.jpeg?h=225&w=225,Food Cupboard,"Tins, Cans & Packets"
270974142,Batchelors Cup A Soup Chicken 4 Pack 81G,£1.65,£2.04/100g,,,False,,False,4.2,47,False,https://www.tesco.com/groceries/en-GB/products/270974142,https://digitalcontent.api.tesco.com/v2/media/ghs/42067029-64c8-47a1-82fb-96d70569d7eb/a0224c8b-78da-4490-a690-38156a595781_78377714.jpeg?h=225&w=225,Food Cupboard,"Tins, Cans & Packets"
250372274,Tesco Macaroni Cheese In Sauce 385G,£0.95,£2.47/kg,,,False,,False,2.4,93,False,https://www.tesco.com/groceries/en-GB/products/250372274,https://digitalcontent.api.tesco.com/v2/media/ghs/1ab93165-43d8-4899-ad4a-3ea4406a2903/a2b4fca6-ca8a-4c1c-8207-99152dbbace8_2110815943.jpeg?h=225&w=225,Food Cupboard,"Tins, Cans & Packets"
254210351,Batchelors Cup A Soup Cream Of Vegetable Croutons 4 Pack 122G,£1.65,£1.35/100g,,,False,,False,4.1,58,False,https://www.tesco.com/groceries/en-GB/products/254210351,https://digitalcontent.api.tesco.com/v2/media/ghs/5bf00ee0-85ff-45b5-a8d0-22e82082e318/7ece1419-d22b-45d5-aec1-38b33cd5c18f_1638330898.jpeg?h=225&w=225,Food Cupboard,"Tins, Cans & Packets"
306944699,Ship Corned Beef 340G,£3.20,£0.94/100g,,,False,,False,3.5,43,False,https://www.tesco.com/groceries/en-GB/products/306944699,https://digitalcontent.api.tesco.com/v2/media/ghs/58a0224e-689d-4bfb-8bba-f37cf3bc392c/6d26bf0b-5cd3-4aeb-a1ae-b7d4af66f2c3_295545868.jpeg?h=225&w=225,Food Cupboard,"Tins, Cans & Packets"
258146927,Heinz Big Soup - Beef & Vegetable 400g,£2.00,£0.50/100g,Any 3 for £4 Clubcard Price - Selected Heinz Big Soup 400g,,True,Offer valid for delivery from 27/11/2024 until 13/05/2025,False,3.7,57,False,https://www.tesco.com/groceries/en-GB/products/258146927,https://digitalcontent.api.tesco.com/v2/media/ghs/93bc340e-f9d5-4145-9c43-bc180fa49d40/085ba930-39b3-4eb8-acb9-ed7678fabfe1_1161734633.jpeg?h=225&w=225,Food Cupboard,"Tins, Cans & Packets"
307337414,Heinz Big Soup - Steak & Potato 400g,£2.00,£0.50/100g,Any 3 for £4 Clubcard Price - Selected Heinz Big Soup 400g,,True,Offer valid for delivery from 27/11/2024 until 13/05/2025,False,,63,False,https://www.tesco.com/groceries/en-GB/products/307337414,https://digitalcontent.api.tesco.com/v2/media/ghs/2d0066cc-b132-4d2b-aad5-588f1f22061b/7e34fa97-f75c-423d-ad3d-c9dd0bb0d49f_1227552207.jpeg?h=225&w=225,Food Cupboard,"Tins, Cans & Packets"
275206273,Farrow's Giant Marrowfat Peas 300g,£0.75,£4.17/kg DR.WT,,,False,,False,4.7,12,False,https://www.tesco.com/groceries/en-GB/products/275206273,https://digitalcontent.api.tesco.com/v2/media/ghs/645bf79f-4b15-4bda-9de2-9983488fe9c4/88317286-9897-4ee7-bc25-0b24f2fe0bd2_617990264.jpeg?h=225&w=225,Food Cupboard,"Tins, Cans & Packets"
256220232,Tesco Pitted Prunes In Juice 290G,£1.10,£6.29/kg DR.WT,,,False,,False,4.6,126,False,https://www.tesco.com/groceries/en-GB/products/256220232,https://digitalcontent.api.tesco.com/v2/media/ghs/a02bfc2f-1286-47b7-93fb-f8315a8c921b/bbf9dbcb-823b-4221-a7b4-d0babbbd1c36_2048658186.jpeg?h=225&w=225,Food Cupboard,"Tins, Cans & Packets"
271947225,Tesco Italian Passata With Garlic & Herbs 500G,£1.10,£2.20/kg,,,False,,False,4.6,41,False,https://www.tesco.com/groceries/en-GB/products/271947225,https://digitalcontent.api.tesco.com/v2/media/ghs/7b4e7632-784c-48e1-aa9b-b8eaa96d46a5/2d9facfd-99b0-4738-ae9f-5051d1b72208_1594363745.jpeg?h=225&w=225,Food Cupboard,"Tins, Cans & Packets"
309204246,Tesco Pineapple Slices In Juice 425G,£1.10,£4.23/kg DR.WT,,,False,,False,4.5,42,False,https://www.tesco.com/groceries/en-GB/products/309204246,https://digitalcontent.api.tesco.com/v2/media/ghs/8ff14e1a-32a2-4c03-aef1-6da97205202c/b61473d4-5e96-4b10-8c8f-feaccddb6f08_1945519197.jpeg?h=225&w=225,Food Cupboard,"Tins, Cans & Packets"
305248281,Tesco Plant Chef Lentil & Pepper Soup 400G,£0.85,£0.21/100g,,,False,,False,,54,False,https://www.tesco.com/groceries/en-GB/products/305248281,https://digitalcontent.api.tesco.com/v2/media/ghs/5d22defc-6873-4696-9093-3676723b2a07/bdccf795-73d1-4245-8c96-f98bb2030d64_1741435224.jpeg?h=225&w=225,Food Cupboard,"Tins, Cans & Packets"
305834318,Tesco Plant Chef Tomato And Basil Soup 400G,£0.85,£0.21/100g,,,False,,False,4.2,64,False,https://www.tesco.com/groceries/en-GB/products/305834318,https://digitalcontent.api.tesco.com/v2/media/ghs/7381dd03-3e33-403e-88b6-6852467bb109/482d53fb-962e-4fe9-8b04-cae2ad43ad0b_815843787.jpeg?h=225&w=225,Food Cupboard,"Tins, Cans & Packets"
260748253,Heinz Cream Of Tomato & Basil Soup 400G,£1.70,£0.42/100g,5 for £5 or 10 for £9 Clubcard Price - Heinz Classic Soup 400g,,True,Offer valid for delivery from 27/11/2024 until 13/05/2025,False,4.5,48,False,https://www.tesco.com/groceries/en-GB/products/260748253,https://digitalcontent.api.tesco.com/v2/media/ghs/0397add5-aadc-4031-89fc-3131e9a99963/c3b48f23-2ec1-4d59-90c6-f659cbf91602_1282425754.jpeg?h=225&w=225,Food Cupboard,"Tins, Cans & Packets"
253732351,Tesco Chunky Chicken & Vegetable Soup 400G,£1.25,£0.31/100g,,,False,,False,4.2,51,False,https://www.tesco.com/groceries/en-GB/products/253732351,https://digitalcontent.api.tesco.com/v2/media/ghs/51ae76f4-42f2-447a-a6ee-a614e0222ebf/c2e566dd-fb0f-409e-8fe0-e2be9a5d1d28_1360489020.jpeg?h=225&w=225,Food Cupboard,"Tins, Cans & Packets"
305437799,Tesco Plant Chef Sweet Potato & Coconut Soup 400G,£0.85,£0.21/100g,,,False,,False,4.2,77,False,https://www.tesco.com/groceries/en-GB/products/305437799,https://digitalcontent.api.tesco.com/v2/media/ghs/c9efd115-e8c1-40dc-a825-160711ce5267/47c6321e-51a5-43e3-8f9a-fb5cf801cc34_47725551.jpeg?h=225&w=225,Food Cupboard,"Tins, Cans & Packets"
258147143,Heinz Cream Of Chicken & Mushroom Soup 400G,£1.70,£0.42/100g,5 for £5 or 10 for £9 Clubcard Price - Heinz Classic Soup 400g,,True,Offer valid for delivery from 27/11/2024 until 13/05/2025,False,,32,False,https://www.tesco.com/groceries/en-GB/products/258147143,https://digitalcontent.api.tesco.com/v2/media/ghs/6fc5fa91-8205-4dbc-a871-66128659b266/38ddaf91-16fc-4fcd-a852-9397425cd174_1224797510.jpeg?h=225&w=225,Food Cupboard,"Tins, Cans & Packets"
276975828,Tesco Mixed Baked Beans In Tomato Sauce 415G,£0.75,£1.81/kg,,,False,,False,4.3,48,False,https://www.tesco.com/groceries/en-GB/products/276975828,https://digitalcontent.api.tesco.com/v2/media/ghs/b4372e5d-4320-450d-ab13-46f0df1ff0ed/904ebba8-089e-4e8f-ab18-595baa062cb0_1982021046.jpeg?h=225&w=225,Food Cupboard,"Tins, Cans & Packets"
256639359,Heinz Spring Vegetable Soup 400G,£1.70,£0.42/100g,5 for £5 or 10 for £9 Clubcard Price - Heinz Classic Soup 400g,,True,Offer valid for delivery from 27/11/2024 until 13/05/2025,False,3.9,34,False,https://www.tesco.com/groceries/en-GB/products/256639359,https://digitalcontent.api.tesco.com/v2/media/ghs/d9d76eed-6571-42e0-8c3d-8493ad578da1/0918a217-9084-490d-82fd-6e449d51b535_1152523241.jpeg?h=225&w=225,Food Cupboard,"Tins, Cans & Packets"
309199752,Tesco Tropical Fruit Salad 425G,£1.10,£4.07/kg DR.WT,,,False,,False,3.8,106,False,https://www.tesco.com/groceries/en-GB/products/309199752,https://digitalcontent.api.tesco.com/v2/media/ghs/9632e7a9-c69a-43c1-a2e2-cade4b3b4d9d/e980eb2a-be82-4c4f-b3fc-8aabe317c82b_1795674580.jpeg?h=225&w=225,Food Cupboard,"Tins, Cans & Packets"
252681688,Heinz Spaghetti In Tomato Sauce 200G,£0.90,£4.50/kg,,,False,,False,,53,False,https://www.tesco.com/groceries/en-GB/products/252681688,https://digitalcontent.api.tesco.com/v2/media/ghs/40de17df-4e20-496f-9a26-5f523cfcc4ca/7d60d81f-f283-432a-b64c-e92295ad86f4_692651185.jpeg?h=225&w=225,Food Cupboard,"Tins, Cans & Packets"
258147581,Heinz Beef Broth Soup 400G,£1.70,£0.42/100g,5 for £5 or 10 for £9 Clubcard Price - Heinz Classic Soup 400g,,True,Offer valid for delivery from 27/11/2024 until 13/05/2025,False,4.1,46,False,https://www.tesco.com/groceries/en-GB/products/258147581,https://digitalcontent.api.tesco.com/v2/media/ghs/30c4ce54-318b-4592-9561-9541a3a48f31/1489daa8-0095-4bab-b999-ad2e3dfb7d16_794205944.jpeg?h=225&w=225,Food Cupboard,"Tins, Cans & Packets"
258147765,Heinz Scotch Broth Soup 400G,£1.70,£0.42/100g,5 for £5 or 10 for £9 Clubcard Price - Heinz Classic Soup 400g,,True,Offer valid for delivery from 27/11/2024 until 13/05/2025,False,3.6,57,False,https://www.tesco.com/groceries/en-GB/products/258147765,https://digitalcontent.api.tesco.com/v2/media/ghs/c8be9130-8c1e-49bd-987c-f90ecd7da65a/b81f5c88-2370-4082-abe1-c09697307e24_455363585.jpeg?h=225&w=225,Food Cupboard,"Tins, Cans & Packets"
289055642,Tesco Spaghetti Rings Sausages In Tomato Sauce 410G,£1.00,£2.44/kg,,,False,,False,4.6,55,False,https://www.tesco.com/groceries/en-GB/products/289055642,https://digitalcontent.api.tesco.com/v2/media/ghs/d34ac794-9bd2-409d-9978-8c1eebc09155/0b76e11e-2551-4685-b2de-c49df725cd30_292296199.jpeg?h=225&w=225,Food Cupboard,"Tins, Cans & Packets"
258574414,Tesco Sardines In Brine 120G,£0.50,£0.60/100g DR.WT,,,False,,False,4.5,66,False,https://www.tesco.com/groceries/en-GB/products/258574414,https://digitalcontent.api.tesco.com/v2/media/ghs/6c2f0505-a903-462c-973e-3dfd319ed743/016ff9b0-ca10-4a45-a6ee-e2719a0bb539_284287281.jpeg?h=225&w=225,Food Cupboard,"Tins, Cans & Packets"
254900018,Tesco Peach Slices In Juice 410G,£1.10,£4.40/kg DR.WT,,,False,,False,,56,False,https://www.tesco.com/groceries/en-GB/products/254900018,https://digitalcontent.api.tesco.com/v2/media/ghs/ed2b1cc7-f64f-4ebd-9792-f2351aaca40d/b9bcbb38-4fcc-41e8-a3e0-118be8a75b6c_1755348673.jpeg?h=225&w=225,Food Cupboard,"Tins, Cans & Packets"
300523988,Stockwell & Co Tomato Soup 400G,,,,,False,,False,,48,False,https://www.tesco.com/groceries/en-GB/products/300523988,https://digitalcontent.api.tesco.com/v2/media/ghs/9aab8df6-3688-4385-a245-d79ce33e2896/c2cf302f-d381-41da-b286-c907b1bbe8f9_258607021.jpeg?h=225&w=225,Food Cupboard,"Tins, Cans & Packets"
257350462,Lancaster 8 Hot Dogs In Brine 400G,£0.70,£0.38/100g DR.WT,,,False,,False,2.3,27,False,https://www.tesco.com/groceries/en-GB/products/257350462,https://digitalcontent.api.tesco.com/v2/media/ghs/fcb0fa1e-c248-4c15-b863-ca52c95587b9/4a403989-4745-49e8-b068-a2d21f8a82d9_983400197.jpeg?h=225&w=225,Food Cupboard,"Tins, Cans & Packets"
306661169,Tesco Meatballs In Tomato Sauce 395G,£0.90,£2.28/kg,,,False,,False,1.8,73,False,https://www.tesco.com/groceries/en-GB/products/306661169,https://digitalcontent.api.tesco.com/v2/media/ghs/5ad0ff9f-8ab0-44c8-bb74-6c149c00dc06/1db52958-dc42-4f20-9698-1b8db145ae85_1623646581.jpeg?h=225&w=225,Food Cupboard,"Tins, Cans & Packets"
250411816,Tesco Cream Of Chicken & Mushroom Soup 400G,£0.65,£0.16/100g,,,False,,False,4.3,109,False,https://www.tesco.com/groceries/en-GB/products/250411816,https://digitalcontent.api.tesco.com/v2/media/ghs/24ce47c1-3e2b-4ad1-ae3b-e582bce9e3db/bb1e8571-9d06-4f1b-b151-75c5ce1b5872_2085046493.jpeg?h=225&w=225,Food Cupboard,"Tins, Cans & Packets"
251108973,Tesco Broccoli And Stilton Soup 400G,£0.65,£0.16/100g,,,False,,False,3.1,65,False,https://www.tesco.com/groceries/en-GB/products/251108973,https://digitalcontent.api.tesco.com/v2/media/ghs/3bee4589-66a3-4c03-b4fe-f8ce7a6120a9/02efd8b1-e1da-4604-b29f-98752ac9dfa0_689172684.jpeg?h=225&w=225,Food Cupboard,"Tins, Cans & Packets"
250412660,Tesco Oxtail Soup 400G,£0.62,£0.16/100g,,,False,,False,3.4,55,False,https://www.tesco.com/groceries/en-GB/products/250412660,https://digitalcontent.api.tesco.com/v2/media/ghs/50474750-e7cd-409e-9337-43a0d7d71dd6/5c2f1b15-9433-493d-ad6d-4573be1858e0_418580417.jpeg?h=225&w=225,Food Cupboard,"Tins, Cans & Packets"
250411920,Tesco Pea And Ham Soup 400G,£0.65,£0.16/100g,,,False,,False,2.9,67,False,https://www.tesco.com/groceries/en-GB/products/250411920,https://digitalcontent.api.tesco.com/v2/media/ghs/241b0731-4a7b-49de-87e8-9986c096f8e6/690e7f27-7482-4801-81c1-c9e10f771611_511991913.jpeg?h=225&w=225,Food Cupboard,"Tins, Cans & Packets"
285132396,Tesco Lentil And Bacon Soup 400G,£0.65,£0.16/100g,,,False,,False,2.9,67,False,https://www.tesco.com/groceries/en-GB/products/285132396,https://digitalcontent.api.tesco.com/v2/media/ghs/29f199e1-79d4-4238-adea-425f269e722a/ba89b12f-81f5-4fbe-b82c-78104e90feee_564958379.jpeg?h=225&w=225,Food Cupboard,"Tins, Cans & Packets"
314578256,John West Kippers in Sunflower Oil 145g,£2.00,£1.96/100g DR.WT,,,False,,False,4.2,5,False,https://www.tesco.com/groceries/en-GB/products/314578256,https://digitalcontent.api.tesco.com/v2/media/ghs/6992fa6b-67da-4f73-8ae0-311fc6027664/d24ec981-8b2e-4408-b74e-15b94a7abbe0_1354074456.jpeg?h=225&w=225,Food Cupboard,"Tins, Cans & Packets"
302197621,Princes Tuna Chunks In Sunflower Oil 4X145g,£4.25,£1.04/100g DR.WT,,,False,,False,2.9,17,False,https://www.tesco.com/groceries/en-GB/products/302197621,https://digitalcontent.api.tesco.com/v2/media/ghs/309069bc-144b-4c8c-92c4-b7eab71be695/7a5d36ae-29ec-438d-979e-f8160816f720_1027144199.jpeg?h=225&w=225,Food Cupboard,"Tins, Cans & Packets"
271531642,Tesco Skinless & Boneless Wild Red Salmon 170g,£4.25,£2.50/100g,,,False,,False,4.5,38,False,https://www.tesco.com/groceries/en-GB/products/271531642,https://digitalcontent.api.tesco.com/v2/media/ghs/862b9b2e-37e1-4bd7-a5c3-109bc283371c/75484366-7947-453e-861b-bff9910f8607_79511600.jpeg?h=225&w=225,Food Cupboard,"Tins, Cans & Packets"
259256824,Princes Red Wild Pacific Salmon 213g,£4.25,£2.00/100g,,,False,,False,,32,False,https://www.tesco.com/groceries/en-GB/products/259256824,https://digitalcontent.api.tesco.com/v2/media/ghs/649e5262-e667-4ff4-bf49-ebb8ccfd716c/57dca3c9-f86b-42ef-8857-349d7602023c_1646354992.jpeg?h=225&w=225,Food Cupboard,"Tins, Cans & Packets"
255206418,Spam Chopped Pork And Ham 340G,£3.50,£1.03/100g,,,False,,False,4.7,18,False,https://www.tesco.com/groceries/en-GB/products/255206418,https://digitalcontent.api.tesco.com/v2/media/ghs/760ab81d-f47e-4ccc-9834-29cc99940785/f0fcae1e-6e14-44b8-a154-0a4291bdc6f0_223674255.jpeg?h=225&w=225,Food Cupboard,"Tins, Cans & Packets"
266989316,Tesco Organic Italian Chopped Tomatoes 390G,£1.30,£3.33/kg,,,False,,False,3.4,22,False,https://www.tesco.com/groceries/en-GB/products/266989316,https://digitalcontent.api.tesco.com/v2/media/ghs/16254da9-04d5-49e1-be50-827b79f16159/b2fa00c7-e5f0-444b-83ff-c6c8c1bc5d09_250137355.jpeg?h=225&w=225,Food Cupboard,"Tins, Cans & Packets"
301511619,John West No Drain Tuna Steak In Oil Fridge Pot 110G,£1.50,£1.36/100g,,,False,,False,4.7,3,False,https://www.tesco.com/groceries/en-GB/products/301511619,https://digitalcontent.api.tesco.com/v2/media/ghs/d1e4a5b0-4e56-4f42-acd0-3ea03044c5fd/ffa6d11f-60ed-4e87-85b6-af146b7ef82b_1116807282.jpeg?h=225&w=225,Food Cupboard,"Tins, Cans & Packets"
305054331,Princes Strawberries In Light Syrup 410G,£1.60,£3.90/kg DR.WT,,,False,,False,1.5,17,False,https://www.tesco.com/groceries/en-GB/products/305054331,https://digitalcontent.api.tesco.com/v2/media/ghs/76819121-90ea-4d6c-8867-9982152dd620/18b975de-ef5b-4826-bc88-121d643a34e8_468386964.jpeg?h=225&w=225,Food Cupboard,"Tins, Cans & Packets"
266819805,Tesco Whole Button Mushroom 285G,£1.50,£9.62/kg DR.WT,,,False,,False,4.3,67,False,https://www.tesco.com/groceries/en-GB/products/266819805,https://digitalcontent.api.tesco.com/v2/media/ghs/848d7055-e261-45aa-bdc7-ee1bdd9307d7/ea30f290-e0b2-432c-995a-1f88b4c25933_971317981.jpeg?h=225&w=225,Food Cupboard,"Tins, Cans & Packets"
268597222,Knorr Super Chicken Noodle Dry Soup 51G,£1.25,£2.45/100g,,,False,,False,4.3,57,False,https://www.tesco.com/groceries/en-GB/products/268597222,https://digitalcontent.api.tesco.com/v2/media/ghs/6fdf4a4d-3f89-4fe8-bf52-f04a1f779e79/2ceddf8d-3a43-4ca3-a936-1af0e501e03f_838766447.jpeg?h=225&w=225,Food Cupboard,"Tins, Cans & Packets"
281464913,Tesco Tuna Chunks In Spring Water 3X80g,£2.20,£1.31/100g DR.WT,,,False,,False,4.4,72,False,https://www.tesco.com/groceries/en-GB/products/281464913,https://digitalcontent.api.tesco.com/v2/media/ghs/393d5f6a-0f38-4a5a-90db-914ce5eb8706/8127ceeb-ff09-41e0-bb18-69137a809a42_1282937854.jpeg?h=225&w=225,Food Cupboard,"Tins, Cans & Packets"
266386187,Merchant Gourmet Puy Lentils Ready To Eat 250G,£2.15,£8.60/kg,£1.50 Clubcard Price,(£6.00/kg),True,Offer valid for delivery from 16/04/2025 until 13/05/2025,False,4.4,22,False,https://www.tesco.com/groceries/en-GB/products/266386187,https://digitalcontent.api.tesco.com/v2/media/ghs/0af6d86b-a132-4268-817c-ed99a3e2427d/4a3fb9e1-2f50-4686-8f7c-184d1536e09d_375898710.jpeg?h=225&w=225,Food Cupboard,"Tins, Cans & Packets"
301510322,Napolina Passata 690G,£1.50,£2.17/kg,,,False,,False,4.8,5,False,https://www.tesco.com/groceries/en-GB/products/301510322,https://digitalcontent.api.tesco.com/v2/media/ghs/4669e300-1d0b-4f82-88f1-b6040f7b7eb2/b33404f6-c3b1-48e6-836a-64b14600a089_1234838965.jpeg?h=225&w=225,Food Cupboard,"Tins, Cans & Packets"
252749984,Heinz Spaghetti Bolognese 400G,£2.00,£5.00/kg,Any 3 for £4.50 Clubcard Price - Selected Heinz Beans And Pasta Meals 390g - 415g,,True,Offer valid for delivery from 16/04/2025 until 13/05/2025,False,3.8,85,False,https://www.tesco.com/groceries/en-GB/products/252749984,https://digitalcontent.api.tesco.com/v2/media/ghs/c816eb5e-07ce-48fd-90c5-83e6c9c23bae/711b8faf-26f0-49b4-8d9f-ca94b9f3bea7_2142600572.jpeg?h=225&w=225,Food Cupboard,"Tins, Cans & Packets"
270978921,Campbell's Condensed Cream of Mushroom Soup 295g,£1.50,£0.51/100g,,,False,,False,4.9,10,False,https://www.tesco.com/groceries/en-GB/products/270978921,https://digitalcontent.api.tesco.com/v2/media/ghs/58493a6d-b74e-4bac-b3a8-665d6e7afc88/67d5dc0f-cc9e-4064-9d45-2bf33b43efa7_1262450888.jpeg?h=225&w=225,Food Cupboard,"Tins, Cans & Packets"
275205660,Branston Baked Beans With Sausages In Tomato Sauce 405G,£1.50,£3.70/kg,,,False,,False,4.3,10,False,https://www.tesco.com/groceries/en-GB/products/275205660,https://digitalcontent.api.tesco.com/v2/media/ghs/0bf28dff-dab8-4eca-9b5c-c228b0158c1f/be1ee4d8-aaeb-4568-a7b9-e903fc88e338_946607442.jpeg?h=225&w=225,Food Cupboard,"Tins, Cans & Packets"
255951566,Tesco Tuscan Inspired Bean Soup 400G,£1.25,£0.31/100g,,,False,,False,,41,False,https://www.tesco.com/groceries/en-GB/products/255951566,https://digitalcontent.api.tesco.com/v2/media/ghs/75d9d9e3-1024-46de-9f4a-eadd3b0d85e9/be6354af-1e49-4ebf-8e0c-d307670715e0_138710992.jpeg?h=225&w=225,Food Cupboard,"Tins, Cans & Packets"
252909507,Del Monte Prunes In Juice 410G,£1.20,£5.00/kg DR.WT,,,False,,False,2.7,28,False,https://www.tesco.com/groceries/en-GB/products/252909507,https://digitalcontent.api.tesco.com/v2/media/ghs/44ed6c65-d709-4826-94c8-e5b27dcf173c/c3d1be8e-7823-49a3-a246-c01de57f101f_618669583.jpeg?h=225&w=225,Food Cupboard,"Tins, Cans & Packets"
264166324,Tesco Petits Pois & Baby Carrot Water 200G,£0.80,£6.15/kg DR.WT,,,False,,False,4.6,77,False,https://www.tesco.com/groceries/en-GB/products/264166324,https://digitalcontent.api.tesco.com/v2/media/ghs/66dabd04-ff8c-403f-b77b-7bee521cd0dc/6463f484-a01d-4c65-9db7-b2471af7116a_751800171.jpeg?h=225&w=225,Food Cupboard,"Tins, Cans & Packets"
300535513,Tesco Italian Cherry Tomatoes 400G,£1.25,£3.12/kg,,,False,,False,4.8,55,False,https://www.tesco.com/groceries/en-GB/products/300535513,https://digitalcontent.api.tesco.com/v2/media/ghs/c7cc489f-d15e-4100-9649-888ed1526025/2b863e90-842e-451c-acf7-438db7dc5ecc_732286994.jpeg?h=225&w=225,Food Cupboard,"Tins, Cans & Packets"
301323859,Heinz Hoops In Tomato Sauce 4 x 400g,£3.00,£1.88/kg,,,False,,False,4.4,137,False,https://www.tesco.com/groceries/en-GB/products/301323859,https://digitalcontent.api.tesco.com/v2/media/ghs/f2830892-4adc-4d07-9af3-6bc492264886/c438c849-65fd-42b6-b57e-1ba407a39b79_391894002.jpeg?h=225&w=225,Food Cupboard,"Tins, Cans & Packets"
252193252,Napolina Double Concentrate Tomato Puree 142G,£1.20,£8.45/kg,,,False,,False,4.8,6,False,https://www.tesco.com/groceries/en-GB/products/252193252,https://digitalcontent.api.tesco.com/v2/media/ghs/21aea7a0-630f-454b-9144-4f19b17cefdf/13bc7539-e31d-4ffb-a7c9-6015dc2c3c2c_288371166.jpeg?h=225&w=225,Food Cupboard,"Tins, Cans & Packets"
297118188,Heinz No Added Sugar Cream Of Tomato Soup 400G,£1.70,£0.42/100g,5 for £5 or 10 for £9 Clubcard Price - Heinz Classic Soup 400g,,True,Offer valid for delivery from 27/11/2024 until 13/05/2025,False,3.7,32,False,https://www.tesco.com/groceries/en-GB/products/297118188,https://digitalcontent.api.tesco.com/v2/media/ghs/72f4a126-5b66-4b5f-9cb4-cf056f1b10c0/7de92f22-0314-4bb3-9846-a0d285459863_1079480365.jpeg?h=225&w=225,Food Cupboard,"Tins, Cans & Packets"
251937089,Tesco Danish Ham 200G,£1.90,£0.95/100g,,,False,,False,4.4,51,False,https://www.tesco.com/groceries/en-GB/products/251937089,https://digitalcontent.api.tesco.com/v2/media/ghs/02bff11a-4a1c-4a38-875a-b4e93355ac3d/cfe9da76-d54a-4fb2-9cff-bf4181bfab03_866142705.jpeg?h=225&w=225,Food Cupboard,"Tins, Cans & Packets"
270978898,Batchelors Cup A Soup Tomato 4 Pack 93G,£1.65,£1.77/100g,,,False,,False,4.5,42,False,https://www.tesco.com/groceries/en-GB/products/270978898,https://digitalcontent.api.tesco.com/v2/media/ghs/a5dbb0c4-f02c-4df8-9c47-30e0472beebd/76b37ad2-4203-4caa-8956-6507d70098cb_675947231.jpeg?h=225&w=225,Food Cupboard,"Tins, Cans & Packets"
254202948,Batchelors Cup A Soup Cream Of Asparagus Croutons 4 Pack 117G,£1.65,£1.41/100g,,,False,,False,4.3,55,False,https://www.tesco.com/groceries/en-GB/products/254202948,https://digitalcontent.api.tesco.com/v2/media/ghs/bf5e114e-e15d-4c87-9d12-620bbb9fc29b/ffe94a1e-3b4d-403d-a825-3370c45f1db9_2075039934.jpeg?h=225&w=225,Food Cupboard,"Tins, Cans & Packets"
270978823,Batchelors Cup A Soup Golden Vegetable 4 Pack 82G,£1.65,£2.01/100g,,,False,,False,4.7,39,False,https://www.tesco.com/groceries/en-GB/products/270978823,https://digitalcontent.api.tesco.com/v2/media/ghs/65144ff3-980b-4be0-95c7-b63271201936/619b386b-40bc-4ec0-8078-ffdc70d4f508_704550736.jpeg?h=225&w=225,Food Cupboard,"Tins, Cans & Packets"
258147108,Heinz Big Soup Chunky Veg 400g,£2.00,£0.50/100g,Any 3 for £4 Clubcard Price - Selected Heinz Big Soup 400g,,True,Offer valid for delivery from 27/11/2024 until 13/05/2025,False,4.1,16,False,https://www.tesco.com/groceries/en-GB/products/258147108,https://digitalcontent.api.tesco.com/v2/media/ghs/baf3b134-13a4-47bc-871d-fed92eac5021/5f07db1f-9973-43fe-978d-2bc05b84a898_1903939962.jpeg?h=225&w=225,Food Cupboard,"Tins, Cans & Packets"
264447977,Napolina Chickpeas In Water 400g,£1.00,£4.17/kg DR.WT,90p Clubcard Price,(£3.75/kg DR.WT),True,Offer valid for delivery from 16/04/2025 until 10/06/2025,False,3.6,11,False,https://www.tesco.com/groceries/en-GB/products/264447977,https://digitalcontent.api.tesco.com/v2/media/ghs/42a4b55d-db84-410c-9517-045e0e72d6a5/0ae1b932-409e-4fc5-bbe9-f96beed170bc_715720096.jpeg?h=225&w=225,Food Cupboard,"Tins, Cans & Packets"
254899981,Del Monte Peach Slices Light Syrup 420G,£1.20,£4.80/kg DR.WT,,,False,,False,3.4,9,False,https://www.tesco.com/groceries/en-GB/products/254899981,https://digitalcontent.api.tesco.com/v2/media/ghs/d5dd8655-46e3-4e81-b7cf-7a0c39f51c7c/af7427d8-3894-4884-a787-33218a6c3890_312016552.jpeg?h=225&w=225,Food Cupboard,"Tins, Cans & Packets"
258147045,Heinz Big Soup Lamb & Vegetable 400g,£2.00,£0.50/100g,Any 3 for £4 Clubcard Price - Selected Heinz Big Soup 400g,,True,Offer valid for delivery from 27/11/2024 until 13/05/2025,False,3.3,26,False,https://www.tesco.com/groceries/en-GB/products/258147045,https://digitalcontent.api.tesco.com/v2/media/ghs/cf0dcad5-0150-4fdf-ba0f-acf2eed5e701/4a1d1814-72b2-4bd3-b74e-e2fa77213e29_2020479670.jpeg?h=225&w=225,Food Cupboard,"Tins, Cans & Packets"
254901478,Del Monte Fruit Cocktail Light Syrup 420G,£1.20,£4.80/kg DR.WT,,,False,,False,3.7,17,False,https://www.tesco.com/groceries/en-GB/products/254901478,https://digitalcontent.api.tesco.com/v2/media/ghs/4c422271-0c41-402f-8940-a17c8825d2d1/e6f6fb05-a3f8-4ff1-9981-bdd338a8bf23_161087803.jpeg?h=225&w=225,Food Cupboard,"Tins, Cans & Packets"
254900709,Del Monte Pear Halves In Juice 415G,£1.20,£5.22/kg DR.WT,,,False,,False,2.1,22,False,https://www.tesco.com/groceries/en-GB/products/254900709,https://digitalcontent.api.tesco.com/v2/media/ghs/120383f9-2417-4f1a-aa01-620d565b9224/b3a04f72-9b77-4bee-864f-08339b8072a0_15100185.jpeg?h=225&w=225,Food Cupboard,"Tins, Cans & Packets"
259318844,Tesco Italian Chopped Tomatoes - A Hint of Garlic 390g,£0.85,£2.18/kg,,,False,,False,4.8,45,False,https://www.tesco.com/groceries/en-GB/products/259318844,https://digitalcontent.api.tesco.com/v2/media/ghs/c9d5e7b3-8912-489e-8ac2-0f23a43f8406/2d3a97b0-79ff-4c41-8b10-d46a58144420_203191338.jpeg?h=225&w=225,Food Cupboard,"Tins, Cans & Packets"
307760033,Tesco Chicken In White Sauce 392G,£1.85,£4.72/kg,,,False,,False,3.8,62,False,https://www.tesco.com/groceries/en-GB/products/307760033,https://digitalcontent.api.tesco.com/v2/media/ghs/34cdc968-80fc-42b6-994f-3e7b840aa0f0/d05ed92e-6554-4684-bf09-de705c02a877_1205785863.jpeg?h=225&w=225,Food Cupboard,"Tins, Cans & Packets"
254900894,Tesco Apricot Halves In Juice 411G,£1.10,£4.70/kg DR.WT,,,False,,False,4.2,110,False,https://www.tesco.com/groceries/en-GB/products/254900894,https://digitalcontent.api.tesco.com/v2/media/ghs/0bc469bc-4a5c-47dd-8300-185b4f865820/852833bc-7a91-4ccf-b00e-ccb913836563_1107592573.jpeg?h=225&w=225,Food Cupboard,"Tins, Cans & Packets"
268746536,Heinz Peppa Pig Pasta Shapes In Tomato Sauce 205G,£0.90,£4.39/kg,,,False,,False,,2,False,https://www.tesco.com/groceries/en-GB/products/268746536,https://digitalcontent.api.tesco.com/v2/media/ghs/835d9164-b54a-4910-a2c8-8fd3415c090b/c21b0489-d818-4d66-8b6d-48c167ccd72e_1765585571.jpeg?h=225&w=225,Food Cupboard,"Tins, Cans & Packets"
254900681,Tesco Halved Pears In Juice 410G,£1.10,£4.89/kg DR.WT,,,False,,False,2.7,41,False,https://www.tesco.com/groceries/en-GB/products/254900681,https://digitalcontent.api.tesco.com/v2/media/ghs/91e8074d-8664-4dad-9d03-e631a007dcfe/5b7c83c2-61b4-4b4b-a16d-72a0e5b0aa75_1670491250.jpeg?h=225&w=225,Food Cupboard,"Tins, Cans & Packets"
258148741,Heinz Cream Of Tomato Soup 300G,£1.20,£0.40/100g,90p Save 25% Clubcard Price,(£0.30/100g),True,Offer valid for delivery from 31/03/2025 until 21/04/2025,False,,44,False,https://www.tesco.com/groceries/en-GB/products/258148741,https://digitalcontent.api.tesco.com/v2/media/ghs/04ba66fd-266e-4458-985c-72177ebce5d7/39955c2f-c6a2-48b1-ac0b-ae1000694bfc_525947720.jpeg?h=225&w=225,Food Cupboard,"Tins, Cans & Packets"
279648653,Heinz Lentil & Bacon Soup 400G,£1.70,£0.42/100g,5 for £5 or 10 for £9 Clubcard Price - Heinz Classic Soup 400g,,True,Offer valid for delivery from 27/11/2024 until 13/05/2025,False,4.4,39,False,https://www.tesco.com/groceries/en-GB/products/279648653,https://digitalcontent.api.tesco.com/v2/media/ghs/bc79c32d-3eb8-4fc1-b9a1-54436711713e/120193c1-5aea-4eb8-aabd-c14a992bd4e1_815967018.jpeg?h=225&w=225,Food Cupboard,"Tins, Cans & Packets"
267145667,Tesco Skinless Boneless Scottish Mackerel Spicy Tomato Sauce 125G,£0.95,£0.76/100g,,,False,,False,3.1,37,False,https://www.tesco.com/groceries/en-GB/products/267145667,https://digitalcontent.api.tesco.com/v2/media/ghs/ac79d69f-9481-4c1f-9763-742d5860b95e/f8ebb609-f1d3-4ab1-9f77-8bfb93c2a83e_1366607104.jpeg?h=225&w=225,Food Cupboard,"Tins, Cans & Packets"
263725811,Tesco Chunky Beef & Vegetable Soup 400G,£1.25,£0.31/100g,,,False,,False,,64,False,https://www.tesco.com/groceries/en-GB/products/263725811,https://digitalcontent.api.tesco.com/v2/media/ghs/422d6195-cdde-45c6-9f9a-5fc9a4fd214d/700f8612-d85b-4428-8aec-d2e6ca0c3fd0_247117413.jpeg?h=225&w=225,Food Cupboard,"Tins, Cans & Packets"
312088361,Tesco Baby Carrots In Water 300G,£0.50,£2.70/kg DR.WT,,,False,,False,3.8,9,False,https://www.tesco.com/groceries/en-GB/products/312088361,https://digitalcontent.api.tesco.com/v2/media/ghs/34cdf679-3d30-453c-8b0a-ef448c471c63/ccf15df7-fc18-4ad2-9d1c-5002f95b2f76_1202836605.jpeg?h=225&w=225,Food Cupboard,"Tins, Cans & Packets"
250412412,Tesco Scotch Broth Soup 400G,£0.65,£0.16/100g,,,False,,False,3.3,58,False,https://www.tesco.com/groceries/en-GB/products/250412412,https://digitalcontent.api.tesco.com/v2/media/ghs/bad391d8-aab7-4f76-85ed-fc9175abfe92/043c29cc-d892-4933-87ca-857b2af53ac6_174618835.jpeg?h=225&w=225,Food Cupboard,"Tins, Cans & Packets"
254851605,Tesco Chicken Paste 75G,£0.49,£0.65/100g,,,False,,False,,64,False,https://www.tesco.com/groceries/en-GB/products/254851605,https://digitalcontent.api.tesco.com/v2/media/ghs/5eb4170b-e4f3-4d22-86dd-b6fa182fede8/6414abf3-736b-4246-92ca-1fcb77dacd71_2105893272.jpeg?h=225&w=225,Food Cupboard,"Tins, Cans & Packets"
277597842,Fray Bentos Steak & Kidney 425G,£2.80,£0.66/100g,£2.00 Clubcard Price,(£0.47/100g),True,Offer valid for delivery from 16/04/2025 until 13/05/2025,False,1.8,91,False,https://www.tesco.com/groceries/en-GB/products/277597842,https://digitalcontent.api.tesco.com/v2/media/ghs/2809bf9a-da29-4466-917a-22ed307e4065/206df874-1fa3-4afa-909e-4754ad0c2934_986827145.jpeg?h=225&w=225,Food Cupboard,"Tins, Cans & Packets"
258859585,Princes Corned Beef 200G,£3.00,£1.50/100g,,,False,,False,3.2,19,False,https://www.tesco.com/groceries/en-GB/products/258859585,https://digitalcontent.api.tesco.com/v2/media/ghs/65e0b5b4-9c5c-48d8-a740-134c04f979ad/2c17978a-b61d-4a46-8825-db599bb4519e_641471428.jpeg?h=225&w=225,Food Cupboard,"Tins, Cans & Packets"
258098125,Tesco Wild Pacific Red Salmon 212G,£3.20,£1.51/100g,,,False,,False,3.4,50,False,https://www.tesco.com/groceries/en-GB/products/258098125,https://digitalcontent.api.tesco.com/v2/media/ghs/d640accc-129c-4776-955e-ee8fec051e88/c17f59e5-39ec-47a4-8e3c-3378a150c635_1035903781.jpeg?h=225&w=225,Food Cupboard,"Tins, Cans & Packets"
275154114,Heinz Baked Beanz Barbecue 390g,£1.40,£3.59/kg,Any 2 for £2 Clubcard Price - Selected Heinz Beanz 390g Or 415g,,True,Offer valid for delivery from 27/11/2024 until 13/05/2025,False,4.6,44,False,https://www.tesco.com/groceries/en-GB/products/275154114,https://digitalcontent.api.tesco.com/v2/media/ghs/13696f0d-476b-4c86-a42b-9a3d86057747/0275986e-81ad-4993-a689-4a55c9fa2084_497662337.jpeg?h=225&w=225,Food Cupboard,"Tins, Cans & Packets"
252750031,Heinz Macaroni Cheese 400G,£2.00,£5.00/kg,Any 3 for £4.50 Clubcard Price - Selected Heinz Beans And Pasta Meals 390g - 415g,,True,Offer valid for delivery from 16/04/2025 until 13/05/2025,False,2.7,59,False,https://www.tesco.com/groceries/en-GB/products/252750031,https://digitalcontent.api.tesco.com/v2/media/ghs/e6ea1f85-3a1d-42b6-8f96-7a711bbc9aea/231efb43-814d-4b6c-8cff-f7edcb323990_1246326342.jpeg?h=225&w=225,Food Cupboard,"Tins, Cans & Packets"
254872131,Heinz Weight Watchers Tomato Soup 295G,£1.20,£0.41/100g,,,False,,False,3.7,10,False,https://www.tesco.com/groceries/en-GB/products/254872131,https://digitalcontent.api.tesco.com/v2/media/ghs/4253eedb-ea19-49fd-b3d3-959263072615/26e71558-5a2f-46c2-a72e-398d6d4c52b6_53849148.jpeg?h=225&w=225,Food Cupboard,"Tins, Cans & Packets"
264209442,Tesco Whole Green Beans In Water 400G,£1.40,£6.36/kg DR.WT,,,False,,False,3.9,51,False,https://www.tesco.com/groceries/en-GB/products/264209442,https://digitalcontent.api.tesco.com/v2/media/ghs/3fec8d52-f7fd-4a2c-b533-4ed60a7e85ed/8039a636-d7f8-40cd-a4a0-54473a680560_1626591035.jpeg?h=225&w=225,Food Cupboard,"Tins, Cans & Packets"
290133664,Tesco Chunky Vegetable Soup 400G,£1.25,£0.31/100g,,,False,,False,2.8,42,False,https://www.tesco.com/groceries/en-GB/products/290133664,https://digitalcontent.api.tesco.com/v2/media/ghs/6e0c76aa-ee50-4fb3-8fdf-3b21d6bf838f/b4a5a23c-e930-4c6d-9f57-69c1d2dc8df9_388706118.jpeg?h=225&w=225,Food Cupboard,"Tins, Cans & Packets"
256538041,Tesco Pearl Barley 500G,£1.10,£2.20/kg,,,False,,False,4.7,54,False,https://www.tesco.com/groceries/en-GB/products/256538041,https://digitalcontent.api.tesco.com/v2/media/ghs/b823c78e-e895-4c6c-b4db-4248903ea0f9/80a14f1d-d495-4588-941b-7eb847e91969_1218215327.jpeg?h=225&w=225,Food Cupboard,"Tins, Cans & Packets"
306930957,Tesco Finest Cantabrian Anchovy Fillets 50G,£1.65,£5.50/100g DR.WT,,,False,,False,3.9,34,False,https://www.tesco.com/groceries/en-GB/products/306930957,https://digitalcontent.api.tesco.com/v2/media/ghs/a3827c53-0dac-406e-bd76-bc9a883ebab0/e0316ae9-edc4-4ae4-9a8b-014d78801b71_901033393.jpeg?h=225&w=225,Food Cupboard,"Tins, Cans & Packets"
273724002,Heinz Baked Beans Five Beanz In Tomato Sauce 415G,£1.40,£3.37/kg,Any 2 for £2 Clubcard Price - Selected Heinz Beanz 390g Or 415g,,True,Offer valid for delivery from 27/11/2024 until 13/05/2025,False,4.7,46,False,https://www.tesco.com/groceries/en-GB/products/273724002,https://digitalcontent.api.tesco.com/v2/media/ghs/03e39308-9ada-4d63-ba4d-146da7190d30/a2d6b1bd-5c36-44c9-8192-e739ebd4ba0f_1926784509.jpeg?h=225&w=225,Food Cupboard,"Tins, Cans & Packets"
300535732,Stockwell & Co Chilli Con Carne 392G,£1.69,£4.31/kg,,,False,,False,3.5,59,False,https://www.tesco.com/groceries/en-GB/products/300535732,https://digitalcontent.api.tesco.com/v2/media/ghs/5e786424-4ed5-472a-a9c3-b4dd62230bc2/959a2365-5db8-418f-97ae-0d7a39f9ccaa_1806479970.jpeg?h=225&w=225,Food Cupboard,"Tins, Cans & Packets"
258437779,La Doria Ratatouille 390G,£1.35,£3.46/kg,,,False,,False,3.8,55,False,https://www.tesco.com/groceries/en-GB/products/258437779,https://digitalcontent.api.tesco.com/v2/media/ghs/da20a480-7c41-4054-83aa-617dc870ba5f/4fe26d5a-e108-4b3a-a7b3-5c8c71c4f383_1269603360.jpeg?h=225&w=225,Food Cupboard,"Tins, Cans & Packets"
271737174,Tesco Danish Ham 340G,£2.90,£0.85/100g,,,False,,False,3.7,50,False,https://www.tesco.com/groceries/en-GB/products/271737174,https://digitalcontent.api.tesco.com/v2/media/ghs/13204997-14f8-47a3-9d88-ac243ddf7a99/2e66d286-8f85-45be-b2c1-1eaa0aded634_575674725.jpeg?h=225&w=225,Food Cupboard,"Tins, Cans & Packets"
259453182,Tesco Petits Pois & Baby Carrot Water 340G,£1.30,£5.91/kg DR.WT,,,False,,False,4.6,44,False,https://www.tesco.com/groceries/en-GB/products/259453182,https://digitalcontent.api.tesco.com/v2/media/ghs/07f92b78-bb37-47fe-beb4-a6917a46c7ff/3ece25df-9a90-4378-9dcc-949219d2c5a3_964749133.jpeg?h=225&w=225,Food Cupboard,"Tins, Cans & Packets"
296901938,Idahoan Perfect Mash Buttery 109g,£1.70,£15.60/kg,,,False,,False,4.3,66,False,https://www.tesco.com/groceries/en-GB/products/296901938,https://digitalcontent.api.tesco.com/v2/media/ghs/2e201025-3848-4e9b-8b2f-5d28b4ac1c14/8cee94a4-94b2-4692-b7b1-697644ca831e_1514968215.jpeg?h=225&w=225,Food Cupboard,"Tins, Cans & Packets"
267193839,Baxters Favourites Chicken Broth Soup 400G,£1.90,£0.48/100g,£1.25 Save 1/3 Clubcard Price,(£0.31/100g),True,Offer valid for delivery from 17/03/2025 until 13/05/2025,False,2.7,27,False,https://www.tesco.com/groceries/en-GB/products/267193839,https://digitalcontent.api.tesco.com/v2/media/ghs/cfe44023-5714-48ae-8655-dfd817a0ede9/62098c1e-cf17-48c6-81c0-9038ae684fca_2010012892.jpeg?h=225&w=225,Food Cupboard,"Tins, Cans & Packets"
267194470,Baxters Favourites Scotch Broth Soup 400G,£1.90,£0.48/100g,£1.25 Save 1/3 Clubcard Price,(£0.31/100g),True,Offer valid for delivery from 17/03/2025 until 13/05/2025,False,3.9,27,False,https://www.tesco.com/groceries/en-GB/products/267194470,https://digitalcontent.api.tesco.com/v2/media/ghs/683f0d9a-0fdf-4bb5-87e5-5e8c446aa8f6/fe1ad090-f26e-4ac9-986f-7b8986f97512_1406571894.jpeg?h=225&w=225,Food Cupboard,"Tins, Cans & Packets"
267193937,Baxters Favourites Lentil & Bacon Soup 400G,£1.90,£0.48/100g,£1.25 Save 1/3 Clubcard Price,(£0.31/100g),True,Offer valid for delivery from 17/03/2025 until 13/05/2025,False,3.5,8,False,https://www.tesco.com/groceries/en-GB/products/267193937,https://digitalcontent.api.tesco.com/v2/media/ghs/ca661a73-509c-4aae-9749-547d16c40f03/f0b95bd3-3e94-4205-b381-f37e82579384_1581135633.jpeg?h=225&w=225,Food Cupboard,"Tins, Cans & Packets"
267193966,Baxters Favourites Minestrone Soup 400G,£1.90,£0.48/100g,£1.25 Save 1/3 Clubcard Price,(£0.31/100g),True,Offer valid for delivery from 17/03/2025 until 13/05/2025,False,2.4,9,False,https://www.tesco.com/groceries/en-GB/products/267193966,https://digitalcontent.api.tesco.com/v2/media/ghs/07f000a2-2ec9-4591-88f3-36faf1633d72/e7af3cbb-06fd-4c7b-954e-d748f502cc5b_1630568921.jpeg?h=225&w=225,Food Cupboard,"Tins, Cans & Packets"
267193880,Baxters Favourites Cream Of Tomato Soup 400G,£1.90,£0.48/100g,£1.25 Save 1/3 Clubcard Price,(£0.31/100g),True,Offer valid for delivery from 17/03/2025 until 13/05/2025,False,3.8,19,False,https://www.tesco.com/groceries/en-GB/products/267193880,https://digitalcontent.api.tesco.com/v2/media/ghs/0d23e6e1-8977-442c-859f-1f4be400ee5b/224d3c54-3847-421f-9eec-6477182b6cfe_1429055164.jpeg?h=225&w=225,Food Cupboard,"Tins, Cans & Packets"
267193897,Baxters Favourites French Onion Soup 400G,£1.90,£0.48/100g,£1.25 Save 1/3 Clubcard Price,(£0.31/100g),True,Offer valid for delivery from 17/03/2025 until 13/05/2025,False,,41,False,https://www.tesco.com/groceries/en-GB/products/267193897,https://digitalcontent.api.tesco.com/v2/media/ghs/a115e583-a414-4f30-bc64-954f1f0a7340/9b852ccd-bcaa-4ba0-9ebe-9f4df1d393f7_1399647483.jpeg?h=225&w=225,Food Cupboard,"Tins, Cans & Packets"
307737959,Tesco Chilli Con Carne 392G,£1.85,£4.72/kg,,,False,,False,3.7,49,False,https://www.tesco.com/groceries/en-GB/products/307737959,https://digitalcontent.api.tesco.com/v2/media/ghs/01cf4277-c46f-4b8d-af5d-7f0dedb007ae/99c98702-81c0-49b7-a65f-294b94638463_1835738637.jpeg?h=225&w=225,Food Cupboard,"Tins, Cans & Packets"
254205064,Batchelors Cup A Soup Cream Of Mushroom Croutons 4 Pack 99G,£1.65,£1.67/100g,,,False,,False,4.3,45,False,https://www.tesco.com/groceries/en-GB/products/254205064,https://digitalcontent.api.tesco.com/v2/media/ghs/a626bf76-3f9a-425c-9c69-1449951fea60/ba5f2d87-76f4-475b-a063-ddf1d9c3ed89_1727316034.jpeg?h=225&w=225,Food Cupboard,"Tins, Cans & Packets"
270996277,Batchelors Cup A Soup Chicken & Leek 4 Pack 86G,£1.65,£1.92/100g,,,False,,False,4.5,40,False,https://www.tesco.com/groceries/en-GB/products/270996277,https://digitalcontent.api.tesco.com/v2/media/ghs/859c2a25-bb15-49e9-96ca-bab6c3b3154f/f359b65c-8e91-4948-8af0-2cc074c9fa31_1378698833.jpeg?h=225&w=225,Food Cupboard,"Tins, Cans & Packets"
310118693,Batchelors Cup A Soup Broccoli & Cauliflower 4 Sachets 101G,£1.65,£1.63/100g,,,False,,False,4.5,45,False,https://www.tesco.com/groceries/en-GB/products/310118693,https://digitalcontent.api.tesco.com/v2/media/ghs/b0ce7ed3-67ff-44d7-a1b3-7fa992fe0a3f/8a21665c-6e34-4f01-8bc8-1f354576d99a_1575298586.jpeg?h=225&w=225,Food Cupboard,"Tins, Cans & Packets"
254202983,Batchelors Cup A Soup Chicken Noodle 4 Pack 94G,£1.65,£1.76/100g,,,False,,False,3.6,33,False,https://www.tesco.com/groceries/en-GB/products/254202983,https://digitalcontent.api.tesco.com/v2/media/ghs/09a6c420-8ee1-4567-8845-1dd5d92c6c89/d44b5ea2-f655-4dd1-9895-ddb99db01135_701422271.jpeg?h=225&w=225,Food Cupboard,"Tins, Cans & Packets"
263536171,Princes Reduced Salt Corned Beef 340G,£3.60,£1.06/100g,,,False,,False,3.1,12,False,https://www.tesco.com/groceries/en-GB/products/263536171,https://digitalcontent.api.tesco.com/v2/media/ghs/e91b9dd6-f3de-4f03-96a6-6071a7ba8a34/ec7f8126-2404-4a69-a508-4bee7c9fd169_329275861.jpeg?h=225&w=225,Food Cupboard,"Tins, Cans & Packets"
264448861,Napolina Red Kidney Beans In Water 400G,£1.00,£4.17/kg DR.WT,90p Clubcard Price,(£3.75/kg DR.WT),True,Offer valid for delivery from 16/04/2025 until 10/06/2025,False,4.1,8,False,https://www.tesco.com/groceries/en-GB/products/264448861,https://digitalcontent.api.tesco.com/v2/media/ghs/93a1409b-19af-4621-af07-0e76dddbfe84/e5688c1a-1c42-4396-b9c3-b172f8eb9a51_1744044887.jpeg?h=225&w=225,Food Cupboard,"Tins, Cans & Packets"
258098062,Tesco Wild Pacific Pink Salmon 212G,£1.55,£0.73/100g,,,False,,False,,65,False,https://www.tesco.com/groceries/en-GB/products/258098062,https://digitalcontent.api.tesco.com/v2/media/ghs/5552a368-b69f-4f52-89c4-8f6ac705d08c/d72d56dc-61ee-48de-8a29-b28065e49b93_1740895265.jpeg?h=225&w=225,Food Cupboard,"Tins, Cans & Packets"
257467704,Napolina Plum Tomatoes 4 X 400G,£3.00,£1.88/kg,,,False,,False,3.6,14,False,https://www.tesco.com/groceries/en-GB/products/257467704,https://digitalcontent.api.tesco.com/v2/media/ghs/ac651074-e79e-416a-b2ab-c29dd229d9cc/1000618b-21d3-476f-b360-fe1dcb78efc5_1543844002.jpeg?h=225&w=225,Food Cupboard,"Tins, Cans & Packets"
297132245,Tesco Vegetable Cup Soups With Croutons 5 Pack 115g,£0.95,£0.83/100g,,,False,,False,4.4,98,False,https://www.tesco.com/groceries/en-GB/products/297132245,https://digitalcontent.api.tesco.com/v2/media/ghs/b09fca20-bd2b-4d59-9260-0f14d72272dd/eeabc557-121d-4752-9713-0668c5ba71ce_877053116.jpeg?h=225&w=225,Food Cupboard,"Tins, Cans & Packets"
306666930,Tesco Grapefruit Segments In Juice 411G,£1.10,£4.91/kg DR.WT,,,False,,False,4.1,58,False,https://www.tesco.com/groceries/en-GB/products/306666930,https://digitalcontent.api.tesco.com/v2/media/ghs/6a0df47b-abeb-4d79-ad96-e2d7ffed4e47/b3c5871d-0b7d-4365-9a37-aa09f970cb0a_145459955.jpeg?h=225&w=225,Food Cupboard,"Tins, Cans & Packets"
293061916,Heinz Minions Pasta Shapes In Tomato Sauce 205G,£0.90,£4.39/kg,,,False,,False,4.5,8,False,https://www.tesco.com/groceries/en-GB/products/293061916,https://digitalcontent.api.tesco.com/v2/media/ghs/2303898b-422f-4f67-9496-5e859160753a/67e8d343-b0cc-4a5f-8d42-a5587ee6597a_268149661.jpeg?h=225&w=225,Food Cupboard,"Tins, Cans & Packets"
300524002,Stockwell & Co Vegetable Soup 400G,£0.55,£0.14/100g,,,False,,False,3.5,44,False,https://www.tesco.com/groceries/en-GB/products/300524002,https://digitalcontent.api.tesco.com/v2/media/ghs/94460e5c-7376-48e0-9a8c-d9dac69c5b42/3885bcf2-4199-446e-a0c0-abc5f7fb120d_259711905.jpeg?h=225&w=225,Food Cupboard,"Tins, Cans & Packets"
274246877,Crosse & Blackwell Roast Chicken & Vegetable Soup 400g,£1.10,£0.28/100g,Any 3 for £2.95 Clubcard Price - Selected Crosse & Blackwell Soup 400g,,True,Offer valid for delivery from 19/03/2025 until 13/05/2025,False,3.9,31,False,https://www.tesco.com/groceries/en-GB/products/274246877,https://digitalcontent.api.tesco.com/v2/media/ghs/9c8cfa04-e9ad-4b48-b2e4-a16ce2d0a7c4/a3fb0af9-8dc9-43b9-8e34-d9fda8819e9b_1281864126.jpeg?h=225&w=225,Food Cupboard,"Tins, Cans & Packets"
254875859,Batchelors Bigga Dried Peas 250G,£0.85,£3.40/kg,,,False,,False,4.5,34,False,https://www.tesco.com/groceries/en-GB/products/254875859,https://digitalcontent.api.tesco.com/v2/media/ghs/36c0807b-fd82-4697-857a-554b28845a7e/5dc5a2ed-bbf6-4e8a-911a-5e7e2631184d_62265149.jpeg?h=225&w=225,Food Cupboard,"Tins, Cans & Packets"
306647832,Tesco Ruby Red Grapefruit in Juice 411g,£1.10,£4.91/kg DR.WT,,,False,,False,3.9,38,False,https://www.tesco.com/groceries/en-GB/products/306647832,https://digitalcontent.api.tesco.com/v2/media/ghs/b0723c99-d54a-4a7d-8c51-2b8bad47c5f8/3659d9f4-2374-4d9a-bb14-cb8384c6e857_2141651659.jpeg?h=225&w=225,Food Cupboard,"Tins, Cans & Packets"
300524100,Tesco Low Fat Lentil & Vegetable Soup 400G,£0.65,£0.16/100g,,,False,,False,3.6,42,False,https://www.tesco.com/groceries/en-GB/products/300524100,https://digitalcontent.api.tesco.com/v2/media/ghs/00390fd6-d0e6-431f-a412-e4842f98ef4c/c050a94d-0908-4f60-aff4-26f0cf8f91b8_971454023.jpeg?h=225&w=225,Food Cupboard,"Tins, Cans & Packets"
300524048,Tesco Low Fat Tomato Soup 400G,£0.65,£0.16/100g,,,False,,False,4.4,61,False,https://www.tesco.com/groceries/en-GB/products/300524048,https://digitalcontent.api.tesco.com/v2/media/ghs/c41a7c33-8914-435c-bb21-d808ad9f269e/ccd91535-bde9-4a89-aa50-0fce82e4cb4d_1258005899.jpeg?h=225&w=225,Food Cupboard,"Tins, Cans & Packets"
302301620,Tesco Pinto Beans In Water 390G,£0.49,£2.08/kg DR.WT,,,False,,False,4.3,19,False,https://www.tesco.com/groceries/en-GB/products/302301620,https://digitalcontent.api.tesco.com/v2/media/ghs/ea1d44be-ceab-4c3c-8840-c61cf2bccc40/09f43f1d-8e87-4207-be6a-debcccc23b09_1905883788.jpeg?h=225&w=225,Food Cupboard,"Tins, Cans & Packets"
304378829,Tesco Mixed Vegetables In Water 300G,£0.60,£3.08/kg DR.WT,,,False,,False,4.3,60,False,https://www.tesco.com/groceries/en-GB/products/304378829,https://digitalcontent.api.tesco.com/v2/media/ghs/61b1161e-3183-4ce6-bca9-4cb5e10bdec5/6ec27051-8caf-454c-b22a-84a29509b9f3_1735727549.jpeg?h=225&w=225,Food Cupboard,"Tins, Cans & Packets"
307744180,Tesco Stewed Steak 392G,£3.00,£7.65/kg DR.WT,,,False,,False,3.2,56,False,https://www.tesco.com/groceries/en-GB/products/307744180,https://digitalcontent.api.tesco.com/v2/media/ghs/72d71a72-0795-489b-aaca-60339c7cea6d/2d061b16-77f4-42eb-aeac-f5df85df16c2_1326744481.jpeg?h=225&w=225,Food Cupboard,"Tins, Cans & Packets"
274571347,Tesco Minced Beef & Onion 392g,,,,,False,,False,,43,False,https://www.tesco.com/groceries/en-GB/products/274571347,https://digitalcontent.api.tesco.com/v2/media/ghs/33245bca-d3da-43b9-9c30-965512ead597/7c0fa46b-f244-4a8b-8cd9-74e21e8d8aee_176733272.jpeg?h=225&w=225,Food Cupboard,"Tins, Cans & Packets"
292010305,Tesco Quinoa 300G,£2.90,£9.67/kg,,,False,,False,3.1,12,False,https://www.tesco.com/groceries/en-GB/products/292010305,https://digitalcontent.api.tesco.com/v2/media/ghs/c7828572-eb37-481f-ae90-02e536a5bea6/3a2f5da7-68f4-4ab2-813e-4b3b014d84bb_1682877966.jpeg?h=225&w=225,Food Cupboard,"Tins, Cans & Packets"
306954128,Smash The Original Instant Mash Potato 360G,£3.90,£10.83/kg,,,False,,False,3.6,12,False,https://www.tesco.com/groceries/en-GB/products/306954128,https://digitalcontent.api.tesco.com/v2/media/ghs/96f6a61b-e3ad-410e-980a-292fd6120953/5795f786-9946-4feb-a04f-f2d313117637_1007165997.jpeg?h=225&w=225,Food Cupboard,"Tins, Cans & Packets"
304795618,Princes Tuna Chunks In Spring Water 8 X 145G,£8.00,£0.98/100g DR.WT,,,False,,False,,5,False,https://www.tesco.com/groceries/en-GB/products/304795618,https://digitalcontent.api.tesco.com/v2/media/ghs/d6b67072-1f7a-4af0-aab8-154c879d42b8/72e8ae8a-cc08-42b3-919f-4a14d677d6ff_955673634.jpeg?h=225&w=225,Food Cupboard,"Tins, Cans & Packets"
305835611,Princes Apple Slices 385G,£1.60,£4.16/kg,,,False,,False,2.5,18,False,https://www.tesco.com/groceries/en-GB/products/305835611,https://digitalcontent.api.tesco.com/v2/media/ghs/12c3697c-647b-4331-9b95-5a88ca3e6573/99441980-8703-4dbd-a41f-e97107aef48b_1042107643.jpeg?h=225&w=225,Food Cupboard,"Tins, Cans & Packets"
311788692,Princes Mackerel Fillets Olive Oil 125G,£1.75,£2.13/100g DR.WT,,,False,,False,,4,False,https://www.tesco.com/groceries/en-GB/products/311788692,https://digitalcontent.api.tesco.com/v2/media/ghs/f2e2ce0c-d9b0-4913-b4cd-a286eb1445df/01037511-d1fc-4543-92eb-f52bddfdc9c8_1490417029.jpeg?h=225&w=225,Food Cupboard,"Tins, Cans & Packets"
267747957,Cirio Chopped Tomatoes 4X400g,£4.70,£2.94/kg,,,False,,False,4.7,55,False,https://www.tesco.com/groceries/en-GB/products/267747957,https://digitalcontent.api.tesco.com/v2/media/ghs/fb7af0b7-3e0b-4d79-8403-bed0422a1f4f/ad2e41e1-da03-4c82-ad55-828532bde1e3_2094103464.jpeg?h=225&w=225,Food Cupboard,"Tins, Cans & Packets"
293397559,Princes Skinless Boneless Wild Red Salmon 105G,£3.75,£3.57/100g,,,False,,False,4.4,19,False,https://www.tesco.com/groceries/en-GB/products/293397559,https://digitalcontent.api.tesco.com/v2/media/ghs/e47e77fb-edb7-4c85-ae05-9b10676858e5/fcaf6f3e-0f86-4550-aa1d-0212f5b3483f_1207987159.jpeg?h=225&w=225,Food Cupboard,"Tins, Cans & Packets"
266643563,Cirio Smooth Passata 3X200g,£2.00,£3.33/kg,£1.50 Save 25% Clubcard Price,(£2.50/kg),True,Offer valid for delivery from 16/04/2025 until 13/05/2025,False,,51,False,https://www.tesco.com/groceries/en-GB/products/266643563,https://digitalcontent.api.tesco.com/v2/media/ghs/545b4995-5ea5-41df-8606-9e072dd4bd79/5aacbcfe-66ea-4aee-9a39-78d6a3d56961_706907669.jpeg?h=225&w=225,Food Cupboard,"Tins, Cans & Packets"
262780884,Heinz Spaghetti Hoops Snap Pots In Tomato Sauce 4 X190g,£3.25,£4.28/kg,,,False,,False,4.5,135,False,https://www.tesco.com/groceries/en-GB/products/262780884,https://digitalcontent.api.tesco.com/v2/media/ghs/59d60689-cfac-4587-8a35-a62d1cfcacbf/af6b1ed7-90d3-406b-a57c-8967b52a2d04_1371354253.jpeg?h=225&w=225,Food Cupboard,"Tins, Cans & Packets"
267187968,Baxters Vegetarian Spicy Parsnip Soup 400G,£2.00,£0.50/100g,,,False,,False,3.5,21,False,https://www.tesco.com/groceries/en-GB/products/267187968,https://digitalcontent.api.tesco.com/v2/media/ghs/0adc919f-d18d-479f-b3cc-01ecd76c02f2/39231196-43b7-44a3-87d5-d433143aedda_2104984271.jpeg?h=225&w=225,Food Cupboard,"Tins, Cans & Packets"
267195653,Baxters Vegetarian Carrot & Butter Bean Soup 400G,£2.00,£0.50/100g,,,False,,False,3.4,30,False,https://www.tesco.com/groceries/en-GB/products/267195653,https://digitalcontent.api.tesco.com/v2/media/ghs/fcf246d2-9825-470a-ae0a-2814c986a05f/d4637807-85ec-49ad-b838-ea13e2b09500_897999634.jpeg?h=225&w=225,Food Cupboard,"Tins, Cans & Packets"
284742770,Baxters Vegetarian Lentil & Vegetable Soup 400G,£2.00,£0.50/100g,,,False,,False,4.2,25,False,https://www.tesco.com/groceries/en-GB/products/284742770,https://digitalcontent.api.tesco.com/v2/media/ghs/04b3d5e3-e1fb-4ca5-ae49-07ff24a9813a/8e6f7e11-253c-432d-b79e-2360879f16f4_1446669117.jpeg?h=225&w=225,Food Cupboard,"Tins, Cans & Packets"
301511592,John West No Drain Fridge Pot Tuna Steak with a Little Brine 110g,£1.50,£1.36/100g,,,False,,False,,3,False,https://www.tesco.com/groceries/en-GB/products/301511592,https://digitalcontent.api.tesco.com/v2/media/ghs/c08beebd-bae0-48e8-a7d5-cd0fd3d8b270/72a50b2b-995b-4e13-991e-a67f7cc23a2e_1139053957.jpeg?h=225&w=225,Food Cupboard,"Tins, Cans & Packets"
252737883,John West Sardines Olive Oil 120Gm,£1.10,£1.22/100g DR.WT,,,False,,False,4.6,10,False,https://www.tesco.com/groceries/en-GB/products/252737883,https://digitalcontent.api.tesco.com/v2/media/ghs/ac48b2f2-265d-4716-b3df-8e99a5fc4c1d/146ef912-97c4-4558-bd1c-8b3544a06808_1138247226.jpeg?h=225&w=225,Food Cupboard,"Tins, Cans & Packets"
276778394,Tesco Organic Baked Beans In Tomato Sauce 420G,£1.00,£2.38/kg,,,False,,False,2.7,48,False,https://www.tesco.com/groceries/en-GB/products/276778394,https://digitalcontent.api.tesco.com/v2/media/ghs/befde5ae-1331-4782-b37e-9c4afe9e5bb0/6edc8fea-15aa-4e8b-9f95-4db4ac7944e0_1482358814.jpeg?h=225&w=225,Food Cupboard,"Tins, Cans & Packets"
254864066,Princes Skinless Boneless Mackerel Fillets In Tomato Sauce 125G,£1.75,£1.40/100g,,,False,,False,3.2,6,False,https://www.tesco.com/groceries/en-GB/products/254864066,https://digitalcontent.api.tesco.com/v2/media/ghs/8ed720d0-4571-4669-bda8-218600158e1c/fc5434f3-9aab-4dd0-bc59-4acfb824eee9_1436400637.jpeg?h=225&w=225,Food Cupboard,"Tins, Cans & Packets"
268218690,Wikinger 8 Hot Dogs 1030G,,,£2.50 Clubcard Price,(£0.35/100g DR.WT),True,Offer valid for delivery from 16/04/2025 until 13/05/2025,False,3.6,17,False,https://www.tesco.com/groceries/en-GB/products/268218690,https://digitalcontent.api.tesco.com/v2/media/ghs/8e9e4386-fe51-428c-8550-fb6af8815797/7286c7d3-a81a-44e2-81a2-9457322c8387_35570937.jpeg?h=225&w=225,Food Cupboard,"Tins, Cans & Packets"
302291238,Princes Tuna Chunks In Spring Water 145G,£1.75,£1.72/100g DR.WT,£1.25 Clubcard Price,(£1.23/100g DR.WT),True,Offer valid for delivery from 16/04/2025 until 13/05/2025,False,3.2,5,False,https://www.tesco.com/groceries/en-GB/products/302291238,https://digitalcontent.api.tesco.com/v2/media/ghs/2b951ed5-a9b9-4702-bef4-1fd93357e416/672e6010-5084-490e-a3c5-ac0effcd251c_16406886.jpeg?h=225&w=225,Food Cupboard,"Tins, Cans & Packets"
268350176,Tesco Chopped Pork & Ham 200G,£1.90,£0.95/100g,,,False,,False,4.5,73,False,https://www.tesco.com/groceries/en-GB/products/268350176,https://digitalcontent.api.tesco.com/v2/media/ghs/70b095ec-9bb0-428a-be38-0204ddac7651/047f4071-19b9-4e3c-b7e7-a610f2127cd5_945363108.jpeg?h=225&w=225,Food Cupboard,"Tins, Cans & Packets"
266478902,Stagg Chilli Classic Chilli Con Carne 400G,£2.25,£5.62/kg,£2.00 Clubcard Price,(£5.00/kg),True,Offer valid for delivery from 16/04/2025 until 13/05/2025,False,3.5,27,False,https://www.tesco.com/groceries/en-GB/products/266478902,https://digitalcontent.api.tesco.com/v2/media/ghs/5db50b6e-fe20-4e8e-88db-599381416a55/4e2e663f-845f-4473-979c-bb4a633acbeb_1247007927.jpeg?h=225&w=225,Food Cupboard,"Tins, Cans & Packets"
270978950,Campbell's Condensed Soup Cream of Tomato 295g,£1.50,£0.51/100g,,,False,,False,,7,False,https://www.tesco.com/groceries/en-GB/products/270978950,https://digitalcontent.api.tesco.com/v2/media/ghs/f7ba504f-5c52-4032-a9cb-c4be17189963/2e96ff1e-ea40-4f94-a08f-a42db4cfc1a8_1649984898.jpeg?h=225&w=225,Food Cupboard,"Tins, Cans & Packets"
285115872,Tesco Pear And Peach Pieces 4X120g,£1.70,£0.57/100g DR.WT,,,False,,False,4.7,43,False,https://www.tesco.com/groceries/en-GB/products/285115872,https://digitalcontent.api.tesco.com/v2/media/ghs/33cc018b-0159-4609-af99-690dea191a20/d6a38625-f23f-4fbd-874e-093a418e2472_775383359.jpeg?h=225&w=225,Food Cupboard,"Tins, Cans & Packets"
262742890,Fray Bentos Meatballs In Tomato Sauce 380G,£1.00,£2.63/kg,,,False,,False,2.4,16,False,https://www.tesco.com/groceries/en-GB/products/262742890,https://digitalcontent.api.tesco.com/v2/media/ghs/cf2be75c-04ea-4bc4-9d60-85187dbc97f6/cfd695b5-144e-4cee-87e2-757ea62832e4_769253741.jpeg?h=225&w=225,Food Cupboard,"Tins, Cans & Packets"
300535719,Stockwell & Co Chicken Curry 392G,£1.49,£3.80/kg,,,False,,False,2.8,64,False,https://www.tesco.com/groceries/en-GB/products/300535719,https://digitalcontent.api.tesco.com/v2/media/ghs/0427cda5-efb0-43ed-aeb1-783f4c375ba8/1678a35b-a375-445d-8883-eca127d776a3_545731035.jpeg?h=225&w=225,Food Cupboard,"Tins, Cans & Packets"
267193851,Baxters Favourites Cock A Leekie Soup 400G,£1.90,£0.48/100g,£1.25 Save 1/3 Clubcard Price,(£0.31/100g),True,Offer valid for delivery from 17/03/2025 until 13/05/2025,False,3.1,24,False,https://www.tesco.com/groceries/en-GB/products/267193851,https://digitalcontent.api.tesco.com/v2/media/ghs/561be9b5-b1f6-4c84-bc51-9ede054e4540/dd754f85-1579-481c-bac1-d61f1a9b4331_2018720705.jpeg?h=225&w=225,Food Cupboard,"Tins, Cans & Packets"
254203210,Batchelors Cup A Soup Chicken & Vegetable Croutons 4 Pack 110G,£1.65,£1.50/100g,,,False,,False,3.9,44,False,https://www.tesco.com/groceries/en-GB/products/254203210,https://digitalcontent.api.tesco.com/v2/media/ghs/2d599cc8-ab45-4b28-b48c-bb1c16b0475e/3c0f26d2-9b27-4298-837e-ab9524893c79_924921846.jpeg?h=225&w=225,Food Cupboard,"Tins, Cans & Packets"
270978973,Batchelors Cup A Soup Beef & Tomato 4 Pack 88G,£1.65,£1.88/100g,,,False,,False,4.1,53,False,https://www.tesco.com/groceries/en-GB/products/270978973,https://digitalcontent.api.tesco.com/v2/media/ghs/ddb6e128-9d9d-4b4e-9b86-6a4d6369b8fa/15b8c07f-5964-4d1b-b680-6ca0f5d8f178_1358114089.jpeg?h=225&w=225,Food Cupboard,"Tins, Cans & Packets"
254213682,Batchelors Slim a Soup Minestrone with Croutons 4 Sachets 61g,£1.65,£2.70/100g,,,False,,False,4.6,36,False,https://www.tesco.com/groceries/en-GB/products/254213682,https://digitalcontent.api.tesco.com/v2/media/ghs/84d80811-15e3-43c7-b25e-620aaf3f6b49/7aeacbf4-7afa-40d7-967f-7119be572f87_909701525.jpeg?h=225&w=225,Food Cupboard,"Tins, Cans & Packets"
288458432,Crosse & Blackwell Winter Vegetable Soup 400g,£1.10,£0.28/100g,Any 3 for £2.95 Clubcard Price - Selected Crosse & Blackwell Soup 400g,,True,Offer valid for delivery from 19/03/2025 until 13/05/2025,False,4.5,34,False,https://www.tesco.com/groceries/en-GB/products/288458432,https://digitalcontent.api.tesco.com/v2/media/ghs/3f9f1b01-24b8-4574-99a9-e92c60e4144c/cf85fbbc-2002-40bc-924f-3e4ba07f32d3_850677486.jpeg?h=225&w=225,Food Cupboard,"Tins, Cans & Packets"
256432822,Del Monte Mandarins In Juice 300G,£1.20,£6.86/kg DR.WT,,,False,,False,2.1,12,False,https://www.tesco.com/groceries/en-GB/products/256432822,https://digitalcontent.api.tesco.com/v2/media/ghs/bf4fcb7f-59c5-4776-aff0-fcf0b59bf935/13456525-e46d-4020-84b7-dfa6216e3977_527939852.jpeg?h=225&w=225,Food Cupboard,"Tins, Cans & Packets"
297021273,Napolina Lentils 400G,£1.00,£2.50/kg,90p Clubcard Price,(£2.25/kg),True,Offer valid for delivery from 16/04/2025 until 10/06/2025,False,,,False,https://www.tesco.com/groceries/en-GB/products/297021273,https://digitalcontent.api.tesco.com/v2/media/ghs/1b710e26-6d32-46f6-8491-1f2638b6860c/1ca4eaff-82bc-48bd-bf27-b3fd9476f5f8_1397708848.jpeg?h=225&w=225,Food Cupboard,"Tins, Cans & Packets"
254900145,Del Monte Peach Halves In Juice 415G,£1.20,£5.11/kg DR.WT,,,False,,False,3.3,10,False,https://www.tesco.com/groceries/en-GB/products/254900145,https://digitalcontent.api.tesco.com/v2/media/ghs/02e025fe-a65d-49da-9d7e-8143dcc34874/02d3e29d-811a-4c7a-a089-4bef58461d2c_1012156561.jpeg?h=225&w=225,Food Cupboard,"Tins, Cans & Packets"
304383340,Tesco Broad Beans In Water 300G,£0.85,£4.47/kg DR.WT,,,False,,False,4.7,101,False,https://www.tesco.com/groceries/en-GB/products/304383340,https://digitalcontent.api.tesco.com/v2/media/ghs/ad405128-6061-452b-8485-23543d866f31/6eba60b8-cc51-4fcf-83eb-22d6b970185a_662649601.jpeg?h=225&w=225,Food Cupboard,"Tins, Cans & Packets"
255457846,Heinz Alphabetti Pasta In Tomato Sauce 400G,£1.25,£3.12/kg,Any 2 for £2 Clubcard Price - Selected Heinz Beanz 390g Or 415g,,True,Offer valid for delivery from 27/11/2024 until 13/05/2025,False,4.8,17,False,https://www.tesco.com/groceries/en-GB/products/255457846,https://digitalcontent.api.tesco.com/v2/media/ghs/0dcf7662-6cda-4713-bba2-b4b545f72496/f587b5b9-c4b1-4560-b621-fbe3c115c644_1969186899.jpeg?h=225&w=225,Food Cupboard,"Tins, Cans & Packets"
297118142,Heinz Big Soup - Sausage & Veg 400g,£2.00,£0.50/100g,Any 3 for £4 Clubcard Price - Selected Heinz Big Soup 400g,,True,Offer valid for delivery from 27/11/2024 until 13/05/2025,False,4.1,45,False,https://www.tesco.com/groceries/en-GB/products/297118142,https://digitalcontent.api.tesco.com/v2/media/ghs/59cd5756-e9be-4d07-b77c-735673eb0e91/f753ed38-1167-4940-bde9-e84ba1c31b2a_112489457.jpeg?h=225&w=225,Food Cupboard,"Tins, Cans & Packets"
282617006,Del Monte Mango Slices In Syrup 425G,£1.20,£5.22/kg DR.WT,,,False,,False,1.5,27,False,https://www.tesco.com/groceries/en-GB/products/282617006,https://digitalcontent.api.tesco.com/v2/media/ghs/e03a10fd-337d-4cd9-b846-f6ac7539468b/8ea9b759-d96f-4461-a8ce-511296a58f80_1289334438.jpeg?h=225&w=225,Food Cupboard,"Tins, Cans & Packets"
300456566,Tesco Low Fat Chicken Noodle Cup Soup 5 Pack 65G,£0.95,£1.46/100g,,,False,,False,3.3,37,False,https://www.tesco.com/groceries/en-GB/products/300456566,https://digitalcontent.api.tesco.com/v2/media/ghs/dfde689c-5675-491a-a47d-76e49721d2bf/c3c55845-5ea0-4fc1-9021-f35cac401da9_2009316945.jpeg?h=225&w=225,Food Cupboard,"Tins, Cans & Packets"
259062304,Tesco Prunes In Syrup 420G,£1.10,£4.68/kg DR.WT,,,False,,False,4.5,54,False,https://www.tesco.com/groceries/en-GB/products/259062304,https://digitalcontent.api.tesco.com/v2/media/ghs/4483c319-0877-4976-ac5f-96e90eacf9f8/3fe9d68f-bdfd-4fca-8a5a-4598081b261c_2116872096.jpeg?h=225&w=225,Food Cupboard,"Tins, Cans & Packets"
262743026,Fray Bentos Meatballs In Gravy 380G,£1.00,£2.63/kg,,,False,,False,2.4,11,False,https://www.tesco.com/groceries/en-GB/products/262743026,https://digitalcontent.api.tesco.com/v2/media/ghs/0d8de8a3-2913-4efb-92b3-e2315687f8fd/d685637f-66b5-4e0a-a58d-8a980f34a9cb_399524402.jpeg?h=225&w=225,Food Cupboard,"Tins, Cans & Packets"
307733249,Tesco Beef Casserole 392G,£1.85,£4.72/kg,,,False,,False,3.5,35,False,https://www.tesco.com/groceries/en-GB/products/307733249,https://digitalcontent.api.tesco.com/v2/media/ghs/2796a5e9-c16b-450e-b69c-1df98006909e/a76d66c4-ae3d-4a92-8e89-69a3f3312af1_1303953591.jpeg?h=225&w=225,Food Cupboard,"Tins, Cans & Packets"
254174289,Princes Tuna & Mayonnaise Paste 75G,£0.65,£0.87/100g,,,False,,False,2.9,10,False,https://www.tesco.com/groceries/en-GB/products/254174289,https://digitalcontent.api.tesco.com/v2/media/ghs/216956ba-501a-45f4-9959-4b0ea025f9de/558f83b3-1e58-4173-ba70-7cfb85870b59_689828801.jpeg?h=225&w=225,Food Cupboard,"Tins, Cans & Packets"
297132182,Tesco Broccoli & Stilton Cup Soups 5 Pack 120g,£0.95,£0.79/100g,,,False,,False,4.3,63,False,https://www.tesco.com/groceries/en-GB/products/297132182,https://digitalcontent.api.tesco.com/v2/media/ghs/cbefb330-128e-406f-be75-bd7a49170b97/edeccc56-e9ec-4a7b-a95b-373a87cbea3c_1923595530.jpeg?h=225&w=225,Food Cupboard,"Tins, Cans & Packets"
288458144,Crosse & Blackwell Cream of Roast Chicken Soup 400g,£1.10,£0.28/100g,Any 3 for £2.95 Clubcard Price - Selected Crosse & Blackwell Soup 400g,,True,Offer valid for delivery from 19/03/2025 until 13/05/2025,False,4.6,25,False,https://www.tesco.com/groceries/en-GB/products/288458144,https://digitalcontent.api.tesco.com/v2/media/ghs/a2cb02a8-7b51-43d0-b2ca-e9d04642caf0/45a76aca-b6db-4b29-bcf2-3aa889f573ee_1379519293.jpeg?h=225&w=225,Food Cupboard,"Tins, Cans & Packets"
297132280,Tesco Tomato & Basil Cup Soup with Croutons 5 x 24g (120g),£0.95,£0.79/100g,,,False,,False,4.1,68,False,https://www.tesco.com/groceries/en-GB/products/297132280,https://digitalcontent.api.tesco.com/v2/media/ghs/7a92e07e-fb94-4737-bf7b-b4a62976dbe2/9c0f7792-631e-42c5-8edf-97f3e17f31bd_1931913520.jpeg?h=225&w=225,Food Cupboard,"Tins, Cans & Packets"
279511613,Tesco Instant Mashed Potato 160G,£1.00,£6.25/kg,,,False,,False,3.3,84,False,https://www.tesco.com/groceries/en-GB/products/279511613,https://digitalcontent.api.tesco.com/v2/media/ghs/a7ee4d43-d232-40e1-92ec-ba668e870968/332c5a2b-d735-4744-95f0-cefc018f8df9_1264642016.jpeg?h=225&w=225,Food Cupboard,"Tins, Cans & Packets"
307734693,Tesco Irish Stew 392G,£1.85,£4.72/kg,,,False,,False,3.8,61,False,https://www.tesco.com/groceries/en-GB/products/307734693,https://digitalcontent.api.tesco.com/v2/media/ghs/575346f8-45fd-4a92-b186-175978a474a0/a855afa8-d257-4e37-88c2-8476f2080abd_999378601.jpeg?h=225&w=225,Food Cupboard,"Tins, Cans & Packets"
307347961,Tesco Mackerel In Katsu Curry Sauce 125G,£0.95,£0.76/100g,,,False,,False,2.4,59,False,https://www.tesco.com/groceries/en-GB/products/307347961,https://digitalcontent.api.tesco.com/v2/media/ghs/470e607a-bd70-440f-9250-59469ed3877c/2700f133-4de5-4315-b969-ee23b3281a96_1814783985.jpeg?h=225&w=225,Food Cupboard,"Tins, Cans & Packets"
256533144,Tesco Wholefoods Bulgar Wheat 500G,£2.00,£4.00/kg,,,False,,False,4.7,29,False,https://www.tesco.com/groceries/en-GB/products/256533144,https://digitalcontent.api.tesco.com/v2/media/ghs/682cc028-afd2-424c-9dda-fa35018e9f03/77e0dd20-933f-42a6-b99b-68abee22dbbd_476885796.jpeg?h=225&w=225,Food Cupboard,"Tins, Cans & Packets"
282996777,Tesco Skinless Boneless Sardines In Tomato Sauce 90G,£1.30,£1.44/100g,,,False,,False,4.4,50,False,https://www.tesco.com/groceries/en-GB/products/282996777,https://digitalcontent.api.tesco.com/v2/media/ghs/39483828-d153-4026-b26f-0ae536845ece/5a448168-a110-4494-848c-bf969d515433_513062747.jpeg?h=225&w=225,Food Cupboard,"Tins, Cans & Packets"
255901718,Spam Chopped Pork and Ham 200g,£3.00,£1.50/100g,£2.50 Clubcard Price,(£1.25/100g),True,Offer valid for delivery from 16/04/2025 until 13/05/2025,False,,4,False,https://www.tesco.com/groceries/en-GB/products/255901718,https://digitalcontent.api.tesco.com/v2/media/ghs/021ea047-323f-4455-b0c5-a0408433aec1/cf9aaa0b-4ecf-4c15-8164-da1ae50cd052_2096157433.jpeg?h=225&w=225,Food Cupboard,"Tins, Cans & Packets"
267612126,Tesco Wild Pacific Red Salmon 105G,£2.60,£2.48/100g,,,False,,False,4.6,75,False,https://www.tesco.com/groceries/en-GB/products/267612126,https://digitalcontent.api.tesco.com/v2/media/ghs/fb936bde-fb18-455c-a534-5e14eeda268d/ab7c665c-c29f-41e9-97b6-9c6c82575dff_1368860691.jpeg?h=225&w=225,Food Cupboard,"Tins, Cans & Packets"
267196502,Baxters Vegetarian Country Garden Soup 400G,£2.00,£0.50/100g,,,False,,False,3.9,22,False,https://www.tesco.com/groceries/en-GB/products/267196502,https://digitalcontent.api.tesco.com/v2/media/ghs/35bd008c-ee5e-4fae-bdad-416e5067f462/f2882e24-fa63-46f4-be68-2ab507d4fc65_647572772.jpeg?h=225&w=225,Food Cupboard,"Tins, Cans & Packets"
266705174,Pek Chopped Pork 300G,£2.25,£0.75/100g,,,False,,False,3.8,21,False,https://www.tesco.com/groceries/en-GB/products/266705174,https://digitalcontent.api.tesco.com/v2/media/ghs/7ce6ab68-b5ec-4ab9-8a46-2b29f53be9a8/789719c2-6260-42fc-b5a5-45d38ef83dc9_1659218107.jpeg?h=225&w=225,Food Cupboard,"Tins, Cans & Packets"
273988374,Merchant Gourmet Red & White Quinoa 250G,£2.15,£8.60/kg,£1.50 Clubcard Price,(£6.00/kg),True,Offer valid for delivery from 16/04/2025 until 13/05/2025,False,4.4,9,False,https://www.tesco.com/groceries/en-GB/products/273988374,https://digitalcontent.api.tesco.com/v2/media/ghs/1e3d06cd-fc8d-4b2f-bdcd-4823172558f1/638df546-ac2e-4dbd-8b38-d26ddc4da6a3_1393520358.jpeg?h=225&w=225,Food Cupboard,"Tins, Cans & Packets"
267668808,John West Boneless Sardines Olive Oil 95G,,,,,False,,False,4.4,5,False,https://www.tesco.com/groceries/en-GB/products/267668808,https://digitalcontent.api.tesco.com/v2/media/ghs/9f7b9d8a-6fad-4677-8efc-a6c143791dae/f2fe90e3-dda1-4c09-9adf-55851a7fb351_1046103225.jpeg?h=225&w=225,Food Cupboard,"Tins, Cans & Packets"
258098027,Tesco Wild Pacific Pink Salmon 418G,£3.00,£0.72/100g,,,False,,False,3.5,39,False,https://www.tesco.com/groceries/en-GB/products/258098027,https://digitalcontent.api.tesco.com/v2/media/ghs/a58bed2a-7a23-441a-87c0-5f74e1e165fc/fcee389a-488d-4461-bb37-02502bfbbcd1_131362.jpeg?h=225&w=225,Food Cupboard,"Tins, Cans & Packets"
266385787,Merchant Gourmet Tomatoey Puy & Green Lentils 250G,£2.15,£8.60/kg,£1.50 Clubcard Price,(£6.00/kg),True,Offer valid for delivery from 16/04/2025 until 13/05/2025,False,4.7,15,False,https://www.tesco.com/groceries/en-GB/products/266385787,https://digitalcontent.api.tesco.com/v2/media/ghs/be8fa032-5e44-479a-b108-26ee55123c66/a2437313-7012-47cf-b4ab-bba783748591_1237850345.jpeg?h=225&w=225,Food Cupboard,"Tins, Cans & Packets"
271529663,Tesco Organic Italian Passata 500G,£1.50,£3.00/kg,,,False,,False,4.1,13,False,https://www.tesco.com/groceries/en-GB/products/271529663,https://digitalcontent.api.tesco.com/v2/media/ghs/6c02500e-4da1-4485-85db-c3b9580ad6db/e6ff6945-c1af-48aa-a6de-277da95a2034_276859838.jpeg?h=225&w=225,Food Cupboard,"Tins, Cans & Packets"
305043626,Princes Rhubarb In Light Syrup 540G,£1.60,£6.53/kg DR.WT,,,False,,False,2.3,18,False,https://www.tesco.com/groceries/en-GB/products/305043626,https://digitalcontent.api.tesco.com/v2/media/ghs/fe1322e5-71fe-4ef4-a64b-1c30f5c85a21/bf8a86f6-fe3f-49ed-aa07-0d0925e2b5ad_2019342763.jpeg?h=225&w=225,Food Cupboard,"Tins, Cans & Packets"
306666170,Tesco Grapefruit Segments In Light Syrup 411G,£1.10,£4.91/kg DR.WT,,,False,,False,4.5,76,False,https://www.tesco.com/groceries/en-GB/products/306666170,https://digitalcontent.api.tesco.com/v2/media/ghs/132ebc31-c263-4b0e-910d-fc701690c9e8/17abca28-7f43-406b-a025-c7de78c42413_1994604624.jpeg?h=225&w=225,Food Cupboard,"Tins, Cans & Packets"
268597216,Knorr Thick Vegetable Dry Soup 75G,£1.25,£1.67/100g,,,False,,False,3.6,40,False,https://www.tesco.com/groceries/en-GB/products/268597216,https://digitalcontent.api.tesco.com/v2/media/ghs/c8e08b17-c1ea-41e5-8f4e-630f6c5dc19f/ada69a91-eb9c-4d99-948f-09d9ebe6b901_1120123526.jpeg?h=225&w=225,Food Cupboard,"Tins, Cans & Packets"
292340611,Tulip Bacon Grill 250G,£1.85,£0.74/100g,,,False,,False,3.7,19,False,https://www.tesco.com/groceries/en-GB/products/292340611,https://digitalcontent.api.tesco.com/v2/media/ghs/6f615e60-27af-4158-86ea-b9a652c491b0/1d6dc6b7-242e-48e4-91a0-eeec232e008b_1095465276.jpeg?h=225&w=225,Food Cupboard,"Tins, Cans & Packets"
255933191,Dole Fruit Bowl Peaches In Juice 4X113g,£2.30,£0.88/100g DR.WT,£1.50 Save 1/3 Clubcard Price,(£0.58/100g DR.WT),True,Offer valid for delivery from 16/04/2025 until 13/05/2025,False,3.6,10,False,https://www.tesco.com/groceries/en-GB/products/255933191,https://digitalcontent.api.tesco.com/v2/media/ghs/ae0f88d5-bff2-412d-aec5-7cf0856035f5/08c278cf-461c-436d-a858-389a83869b6c_429825282.jpeg?h=225&w=225,Food Cupboard,"Tins, Cans & Packets"
284478495,Heinz Cream Of Chicken Cup Soup 4 Pack 68G,£1.50,£2.21/100g,,,False,,False,4.2,42,False,https://www.tesco.com/groceries/en-GB/products/284478495,https://digitalcontent.api.tesco.com/v2/media/ghs/a4c950a9-cc84-4ea7-8e12-c1a08d4ddd58/11938071-e988-423b-b3b2-e6fbd7372d8c_299629454.jpeg?h=225&w=225,Food Cupboard,"Tins, Cans & Packets"
252494466,Princes Lean Corned Beef Reduced Fat 200G,£3.60,£1.80/100g,,,False,,False,3.5,26,False,https://www.tesco.com/groceries/en-GB/products/252494466,https://digitalcontent.api.tesco.com/v2/media/ghs/a625b67d-83ac-4bf6-b632-91363f8bb17f/d9eaf60c-1c96-4b8d-8c7a-0fb57bf8473f_498399932.jpeg?h=225&w=225,Food Cupboard,"Tins, Cans & Packets"
271810295,Tesco Skinless Boneless Wild Pacific Pink Salmon 170G,£2.50,£1.47/100g,,,False,,False,3.6,43,False,https://www.tesco.com/groceries/en-GB/products/271810295,https://digitalcontent.api.tesco.com/v2/media/ghs/f5715a28-1c12-4ac8-9a7e-b6d610748d4a/29b2b98c-46ae-458d-9e63-c1056f772592_1561432904.jpeg?h=225&w=225,Food Cupboard,"Tins, Cans & Packets"
274808766,Nature's Finest Mandarin In Juice 390G,£1.85,£7.71/kg DR.WT,,,False,,False,,12,False,https://www.tesco.com/groceries/en-GB/products/274808766,https://digitalcontent.api.tesco.com/v2/media/ghs/ef4dbccd-af95-422a-90ab-a648e3876b95/8fe10662-a56e-427c-bd63-b446ae4a1899_153800798.jpeg?h=225&w=225,Food Cupboard,"Tins, Cans & Packets"
283868292,Nature's Finest Pitted Prunes In Juice 700G,£3.00,£8.00/kg DR.WT,,,False,,False,,7,False,https://www.tesco.com/groceries/en-GB/products/283868292,https://digitalcontent.api.tesco.com/v2/media/ghs/ccb23512-fba7-462f-ac09-653cdb2a1934/7aed6c49-8ec7-4b87-9c25-854c1d382ac0_209637534.jpeg?h=225&w=225,Food Cupboard,"Tins, Cans & Packets"
296901996,Idahoan Cheese Mash 109G,£1.70,£15.60/kg,,,False,,False,4.5,25,False,https://www.tesco.com/groceries/en-GB/products/296901996,https://digitalcontent.api.tesco.com/v2/media/ghs/f83c2ec0-ce88-46e0-ac67-89f31890e8af/8303c1d2-6bc4-4419-8327-268404c8e261_1921056333.jpeg?h=225&w=225,Food Cupboard,"Tins, Cans & Packets"
285104453,Tesco Mandarin In Orange Flavour Jelly 4 x 120g,£1.70,£0.35/100g,,,False,,False,3.3,37,False,https://www.tesco.com/groceries/en-GB/products/285104453,https://digitalcontent.api.tesco.com/v2/media/ghs/5b5d06b3-c77d-482c-930b-41e3878b0120/0d9c6237-8338-46b4-a2f9-952907da095f_901345139.jpeg?h=225&w=225,Food Cupboard,"Tins, Cans & Packets"
254204301,Batchelors Cup A Soup Minestrone 4 Pack 94G,£1.65,£1.76/100g,,,False,,False,4.1,54,False,https://www.tesco.com/groceries/en-GB/products/254204301,https://digitalcontent.api.tesco.com/v2/media/ghs/e26c8ea3-c68c-491b-9d31-666ae7140063/db39059f-339d-4eb0-978e-369549901a6e_635950665.jpeg?h=225&w=225,Food Cupboard,"Tins, Cans & Packets"
277884053,John West Infusions Tuna - Chilli & Garlic 80g,£1.50,£1.88/100g,,,False,,False,1.5,4,False,https://www.tesco.com/groceries/en-GB/products/277884053,https://digitalcontent.api.tesco.com/v2/media/ghs/a9790e8d-0962-4954-bca0-8c673120f0a2/6d775c1b-7096-4f21-8305-e6910519bcd0_1145792779.jpeg?h=225&w=225,Food Cupboard,"Tins, Cans & Packets"
254875335,Green Giant Salt Free Sweetcorn 340G,£1.25,£4.39/kg DR.WT,Any 2 for £2.20 Clubcard Price - Selected Green Giant Sweetcorn 340g,,True,Offer valid for delivery from 19/03/2025 until 02/09/2025,False,,3,False,https://www.tesco.com/groceries/en-GB/products/254875335,https://digitalcontent.api.tesco.com/v2/media/ghs/42d613ab-ca6c-47f6-a6e0-06a3d67279ed/3e5c7a11-4a6d-4e94-aa73-6da25b7570f3_242030426.jpeg?h=225&w=225,Food Cupboard,"Tins, Cans & Packets"
264449186,Napolina Cannellini Beans Water 400G,£1.00,£4.17/kg DR.WT,,,False,,False,,,False,https://www.tesco.com/groceries/en-GB/products/264449186,https://digitalcontent.api.tesco.com/v2/media/ghs/027e43f3-e2ed-4e54-8910-096ac0cf0143/09f4b96b-2225-45f3-9c26-9d17af837a82_1170328453.jpeg?h=225&w=225,Food Cupboard,"Tins, Cans & Packets"
274069050,Heinz Big Soup - Chicken & Leek 400g,£2.00,£0.50/100g,Any 3 for £4 Clubcard Price - Selected Heinz Big Soup 400g,,True,Offer valid for delivery from 27/11/2024 until 13/05/2025,False,4.5,13,False,https://www.tesco.com/groceries/en-GB/products/274069050,https://digitalcontent.api.tesco.com/v2/media/ghs/ad713b7a-a61c-446b-b5cd-93310f34de87/1b218e08-0e52-432f-848d-9442de6d7911_763389880.jpeg?h=225&w=225,Food Cupboard,"Tins, Cans & Packets"
293273297,Crosse And Blackwell Spicy Parsnip & Carrot Soup 400G,£1.10,£0.28/100g,Any 3 for £2.95 Clubcard Price - Selected Crosse & Blackwell Soup 400g,,True,Offer valid for delivery from 19/03/2025 until 13/05/2025,False,,15,False,https://www.tesco.com/groceries/en-GB/products/293273297,https://digitalcontent.api.tesco.com/v2/media/ghs/85200675-d8ed-4be3-8f87-a48df5d522ef/b0f5c949-9d92-463c-9439-55fb7dd14593_704422516.jpeg?h=225&w=225,Food Cupboard,"Tins, Cans & Packets"
250940247,Del Monte Apricot Halves In Syrup 410G,£1.20,£5.00/kg DR.WT,,,False,,False,3.7,7,False,https://www.tesco.com/groceries/en-GB/products/250940247,https://digitalcontent.api.tesco.com/v2/media/ghs/91eec79e-897d-402d-85cd-30dd7fbfc49a/68ef731a-7a8d-4f65-bfa5-9a5b87a78055_115811517.jpeg?h=225&w=225,Food Cupboard,"Tins, Cans & Packets"
251433282,John West Boneless Sardines Tomato Sauce 95G,£1.25,£1.32/100g,,,False,,False,3.1,8,False,https://www.tesco.com/groceries/en-GB/products/251433282,https://digitalcontent.api.tesco.com/v2/media/ghs/7b93b9f7-6b9c-4215-b811-f693af4db4e6/ddd5d717-9ca6-4a65-b074-235b9b14a7db_2013251712.jpeg?h=225&w=225,Food Cupboard,"Tins, Cans & Packets"
254900750,Del Monte Pear Halves In Syrup 420G,£1.20,£5.22/kg DR.WT,,,False,,False,3.6,7,False,https://www.tesco.com/groceries/en-GB/products/254900750,https://digitalcontent.api.tesco.com/v2/media/ghs/0342cddc-8643-4197-8941-79751f9b2d97/84fa1942-38a9-4c21-9412-12a2e1bc460d_1874602484.jpeg?h=225&w=225,Food Cupboard,"Tins, Cans & Packets"
256678122,Heinz Weight Watchers Chicken Soup 295G,£1.20,£0.41/100g,,,False,,False,,7,False,https://www.tesco.com/groceries/en-GB/products/256678122,https://digitalcontent.api.tesco.com/v2/media/ghs/ee701534-6eed-42c8-aedf-45b76933b2e2/dbb1476f-1a88-4bc9-8290-03adeab6f4e4_1573757531.jpeg?h=225&w=225,Food Cupboard,"Tins, Cans & Packets"
254998397,WW Carrot & Lentil Soup 295g,£1.20,£0.41/100g,,,False,,False,4.1,9,False,https://www.tesco.com/groceries/en-GB/products/254998397,https://digitalcontent.api.tesco.com/v2/media/ghs/704094df-cf32-48c2-a355-10c3c8655fcc/2946d4f7-8ed5-4345-89ae-4796f9ddd693_862830939.jpeg?h=225&w=225,Food Cupboard,"Tins, Cans & Packets"
300594603,Tesco Finest Sardines In Water 105G,£1.15,£1.62/100g DR.WT,,,False,,False,3.9,31,False,https://www.tesco.com/groceries/en-GB/products/300594603,https://digitalcontent.api.tesco.com/v2/media/ghs/a1a55416-cd39-48ef-9ee3-cbca6bf82cbe/fae1d590-e3d3-49bf-b458-1ae3952c77bd_816046361.jpeg?h=225&w=225,Food Cupboard,"Tins, Cans & Packets"
266736868,Napolina Five Bean Salad In Vinaigrette 400G,£1.00,£4.17/kg DR.WT,,,False,,False,2.6,18,False,https://www.tesco.com/groceries/en-GB/products/266736868,https://digitalcontent.api.tesco.com/v2/media/ghs/faf64d9a-ef9b-45f2-a642-28364db384e2/65d511ce-3a4d-4a30-ad78-217f544ad909_933335125.jpeg?h=225&w=225,Food Cupboard,"Tins, Cans & Packets"
254174519,Princes Sardine & Tomato Paste 75G,£0.65,£0.87/100g,,,False,,False,4.6,12,False,https://www.tesco.com/groceries/en-GB/products/254174519,https://digitalcontent.api.tesco.com/v2/media/ghs/43bc5516-df9b-4445-93dc-902767b7d17f/e4abaec3-47a8-4fa5-95f1-74bcc7408136_191605263.jpeg?h=225&w=225,Food Cupboard,"Tins, Cans & Packets"
305986437,Tesco Peeled New Potatoes In Water 300G,£0.80,£4.44/kg DR.WT,,,False,,False,4.5,100,False,https://www.tesco.com/groceries/en-GB/products/305986437,https://digitalcontent.api.tesco.com/v2/media/ghs/9e0eda45-dfc8-448a-ab44-309831a4c27a/80f576f9-3abb-4ce7-b94a-d5e04b1442ce_65243867.jpeg?h=225&w=225,Food Cupboard,"Tins, Cans & Packets"
307748671,Tesco Chicken Korma 392G,£1.85,£4.72/kg DR.WT,,,False,,False,3.8,41,False,https://www.tesco.com/groceries/en-GB/products/307748671,https://digitalcontent.api.tesco.com/v2/media/ghs/0100ac56-3dfc-49a0-b67a-97bd3d6d1efb/0890ad6a-cfae-495e-9d20-9fb0cf03e478_384294061.jpeg?h=225&w=225,Food Cupboard,"Tins, Cans & Packets"
307743987,Tesco Chicken Curry 392G,£1.85,£4.72/kg,,,False,,False,2.8,44,False,https://www.tesco.com/groceries/en-GB/products/307743987,https://digitalcontent.api.tesco.com/v2/media/ghs/be2ac813-0710-49aa-b702-d99b57fd9f64/950b7119-0fea-44b3-93a6-13f2802075ef_1865735854.jpeg?h=225&w=225,Food Cupboard,"Tins, Cans & Packets"
310092502,Tesco Tuna Chunks In Spring Water 400G,£1.90,£0.68/100g DR.WT,,,False,,False,4.8,57,False,https://www.tesco.com/groceries/en-GB/products/310092502,https://digitalcontent.api.tesco.com/v2/media/ghs/a23a2a95-d4c0-4e93-88f7-02cff2cc1c34/63fde86e-7cac-4c56-ae25-51746fb77fa2_1425414972.jpeg?h=225&w=225,Food Cupboard,"Tins, Cans & Packets"
254851542,Tesco Sardine & Tomato Paste 75G,£0.49,£0.65/100g,,,False,,False,4.6,84,False,https://www.tesco.com/groceries/en-GB/products/254851542,https://digitalcontent.api.tesco.com/v2/media/ghs/96e63b24-8f83-47e9-be08-5044df9b7474/a0a2e650-cc36-49a3-85de-d19b827c8147_2066596144.jpeg?h=225&w=225,Food Cupboard,"Tins, Cans & Packets"
300535571,Tesco Mackerel In Hot Sauce 125G,£0.95,£0.76/100g,,,False,,False,4.4,46,False,https://www.tesco.com/groceries/en-GB/products/300535571,https://digitalcontent.api.tesco.com/v2/media/ghs/70f3be71-5759-40bd-ad00-f71cf258d5ce/c0163333-ac56-4b9d-a54d-cbba1db09dcf_1845999933.jpeg?h=225&w=225,Food Cupboard,"Tins, Cans & Packets"
307762296,Tesco Beef Curry 392G,,,,,False,,False,2.8,44,False,https://www.tesco.com/groceries/en-GB/products/307762296,https://digitalcontent.api.tesco.com/v2/media/ghs/f58ada33-5442-4a67-b37d-c50b8c5f770b/bc0941dc-f507-4b00-8524-4a8e2acba27a_1475315617.jpeg?h=225&w=225,Food Cupboard,"Tins, Cans & Packets"
307735916,Stockwell & Co Stewed Steak and Gravy 392g,£1.69,£4.31/kg DR.WT,,,False,,False,4.2,59,False,https://www.tesco.com/groceries/en-GB/products/307735916,https://digitalcontent.api.tesco.com/v2/media/ghs/e2fbc39a-7b23-4ce4-ad96-beb14876800d/262b5d80-786d-40cd-8e92-177e43a10857_1626356743.jpeg?h=225&w=225,Food Cupboard,"Tins, Cans & Packets"
302441389,Princes Drained Tuna Steak In Spring Water 3X110g,£4.75,£1.44/100g,£3.50 Save 25% Clubcard Price,(£1.06/100g),True,Offer valid for delivery from 16/04/2025 until 13/05/2025,False,4.3,9,False,https://www.tesco.com/groceries/en-GB/products/302441389,https://digitalcontent.api.tesco.com/v2/media/ghs/5cdf48ce-7661-4344-813d-ee6b55c0a531/71d19c78-9eaf-470d-8ec3-1b2bfae4bcfd_1528086936.jpeg?h=225&w=225,Food Cupboard,"Tins, Cans & Packets"
267194602,Baxters Cream Of Asparagus Soup 400G,£2.70,£0.68/100g,£2.15 Clubcard Price,(£0.54/100g),True,Offer valid for delivery from 16/04/2025 until 13/05/2025,False,2.7,24,False,https://www.tesco.com/groceries/en-GB/products/267194602,https://digitalcontent.api.tesco.com/v2/media/ghs/c08ac0ae-800c-41e3-a243-8a5c0a5818e2/56fbc614-43e5-4b69-a215-813d304e230e_859416034.jpeg?h=225&w=225,Food Cupboard,"Tins, Cans & Packets"
308105359,Lykkeberg Lumpfish Caviar 100G,£4.80,£4.80/100g,,,False,,False,4.5,11,False,https://www.tesco.com/groceries/en-GB/products/308105359,https://digitalcontent.api.tesco.com/v2/media/ghs/24e412ac-db69-40a0-959b-b99c597ce27a/c3a50ac5-ba58-4920-ba77-8647396785ea_1886649269.jpeg?h=225&w=225,Food Cupboard,"Tins, Cans & Packets"
255836513,Cirio Peeled Plum Tomatoes 4X400g,£4.70,£2.94/kg DR.WT,,,False,,False,4.7,29,False,https://www.tesco.com/groceries/en-GB/products/255836513,https://digitalcontent.api.tesco.com/v2/media/ghs/d52d9624-f1ba-4f28-825d-304a539d2629/0ba16fdf-224a-4f0e-9d0a-16b547e9206d_2070479703.jpeg?h=225&w=225,Food Cupboard,"Tins, Cans & Packets"
311442715,Tesco Mixed Vegetable Curry 392G,£2.15,£5.48/kg,,,False,,False,4.3,30,False,https://www.tesco.com/groceries/en-GB/products/311442715,https://digitalcontent.api.tesco.com/v2/media/ghs/009d32fa-a792-4ead-97bf-d7a6f0dff268/e403f98b-c37a-4203-a759-6da671709c16_1750955003.jpeg?h=225&w=225,Food Cupboard,"Tins, Cans & Packets"
255076939,Fray Bentos Beef And Onion Pie 425G,£2.80,£0.66/100g,£2.00 Clubcard Price,(£0.47/100g),True,Offer valid for delivery from 16/04/2025 until 13/05/2025,False,1.5,28,False,https://www.tesco.com/groceries/en-GB/products/255076939,https://digitalcontent.api.tesco.com/v2/media/ghs/0a0ae6c5-4c2a-4b78-94de-8c551717a0d2/375a359f-89c2-4b72-858d-578990fa6db7_1689125723.jpeg?h=225&w=225,Food Cupboard,"Tins, Cans & Packets"
283996545,Nature's Finest Peach In Juice 700G,£3.00,£7.69/kg DR.WT,,,False,,False,4.3,12,False,https://www.tesco.com/groceries/en-GB/products/283996545,https://digitalcontent.api.tesco.com/v2/media/ghs/308e71f0-378f-4e56-9282-d9ad503782d8/3e1060e2-3029-4a03-9bf5-d8fbe15a17d8_2085268874.jpeg?h=225&w=225,Food Cupboard,"Tins, Cans & Packets"
277588185,Fray Bentos Just Chicken Pie 425G,£2.80,£6.59/kg,£2.00 Clubcard Price,(£4.71/kg),True,Offer valid for delivery from 16/04/2025 until 13/05/2025,False,1.5,29,False,https://www.tesco.com/groceries/en-GB/products/277588185,https://digitalcontent.api.tesco.com/v2/media/ghs/243e2efc-1ffa-49be-8e01-4030f5176cdf/566295be-cb96-4624-bd34-e9e7b40ae8e3_387740544.jpeg?h=225&w=225,Food Cupboard,"Tins, Cans & Packets"
310136498,Fray Bentos Steak & Gravy Pie 425G,£2.80,£6.59/kg,£2.00 Clubcard Price,(£4.71/kg),True,Offer valid for delivery from 16/04/2025 until 13/05/2025,False,2.6,40,False,https://www.tesco.com/groceries/en-GB/products/310136498,https://digitalcontent.api.tesco.com/v2/media/ghs/94447312-82f1-438d-81ab-459579f10dd8/9bf9dc4d-40ab-40a5-9783-ac706cc91ce5_1880600881.jpeg?h=225&w=225,Food Cupboard,"Tins, Cans & Packets"
256535758,Tesco Lentilles Vertes 500G,£2.00,£4.00/kg,,,False,,False,4.4,16,False,https://www.tesco.com/groceries/en-GB/products/256535758,https://digitalcontent.api.tesco.com/v2/media/ghs/1d537aef-973d-40ab-9084-63a89fadbc37/472e6125-85e1-4a81-a56a-4f3e2a4c7e17_487102270.jpeg?h=225&w=225,Food Cupboard,"Tins, Cans & Packets"
267196596,Baxters Vegetarian Mediterranean Tomato Soup 400G,£2.00,£0.50/100g,,,False,,False,3.9,11,False,https://www.tesco.com/groceries/en-GB/products/267196596,https://digitalcontent.api.tesco.com/v2/media/ghs/00c21129-378c-4c7f-8839-dcf48b92fc3d/61eff239-956c-41b4-b69e-2fa734d930f3_724757314.jpeg?h=225&w=225,Food Cupboard,"Tins, Cans & Packets"
284742113,Baxters Vegetarian Green Lentil And Tomato Soup 400G,,,,,False,,False,4.4,14,False,https://www.tesco.com/groceries/en-GB/products/284742113,https://digitalcontent.api.tesco.com/v2/media/ghs/74297de7-9b6f-48f1-8b85-654d7cd55878/a53c6bd6-bf29-4884-95cb-fb5bd65b6b32_773431922.jpeg?h=225&w=225,Food Cupboard,"Tins, Cans & Packets"
264456874,Van Smirren Seafoods Cooked & Pickled Cockles 205g,£2.40,£2.67/100g DR.WT,,,False,,False,2.8,31,False,https://www.tesco.com/groceries/en-GB/products/264456874,https://digitalcontent.api.tesco.com/v2/media/ghs/93c19b51-ae95-4c6c-928a-57adb2320343/398f61dc-9b13-49b2-b3b2-2c23e64cda09_635442020.jpeg?h=225&w=225,Food Cupboard,"Tins, Cans & Packets"
293045988,Merchant Gourmet Spanish-Style Grains/Rice 250G,£2.15,£8.60/kg,£1.50 Clubcard Price,(£6.00/kg),True,Offer valid for delivery from 16/04/2025 until 13/05/2025,False,4.4,15,False,https://www.tesco.com/groceries/en-GB/products/293045988,https://digitalcontent.api.tesco.com/v2/media/ghs/6034a95e-c32f-4cf6-b2bf-f30dd69a35d9/974cda0d-aca7-4faa-8601-db0f5c5b83ce_1875794836.jpeg?h=225&w=225,Food Cupboard,"Tins, Cans & Packets"
293397594,Princes Skinless & Boneless Red Salmon 170g,£4.20,£2.47/100g,,,False,,False,4.9,27,False,https://www.tesco.com/groceries/en-GB/products/293397594,https://digitalcontent.api.tesco.com/v2/media/ghs/edc884a5-fc84-4492-b6cf-2b1e77071bc4/8fc66258-3a94-4dad-906f-fa3e129bdb4b_1038237040.jpeg?h=225&w=225,Food Cupboard,"Tins, Cans & Packets"
302638573,Kingfisher Shredded Crab 145G,£2.00,£1.90/100g DR.WT,,,False,,False,1.4,31,False,https://www.tesco.com/groceries/en-GB/products/302638573,https://digitalcontent.api.tesco.com/v2/media/ghs/8385be5f-0cde-4d51-a0cf-5962149709e4/31bccde0-e215-420c-b5e3-ecb1dcfddad3_2094595195.jpeg?h=225&w=225,Food Cupboard,"Tins, Cans & Packets"
254878142,Great Scot Red Split Lentils 500G,£1.85,£3.70/kg,£1.50 Clubcard Price,(£3.00/kg),True,Offer valid for delivery from 16/04/2025 until 13/05/2025,False,,3,False,https://www.tesco.com/groceries/en-GB/products/254878142,https://digitalcontent.api.tesco.com/v2/media/ghs/8b5cc533-5e64-4a35-915e-a07bf715e3c3/7d914458-f8bf-4bab-aa3e-1bab5ada8bc5_1523807632.jpeg?h=225&w=225,Food Cupboard,"Tins, Cans & Packets"
259395428,Princes Skinless Boneless Mackerel Fillets Mustard Sauce 125G,£1.75,£1.40/100g,,,False,,False,3.6,11,False,https://www.tesco.com/groceries/en-GB/products/259395428,https://digitalcontent.api.tesco.com/v2/media/ghs/4e39d4c7-a080-4f24-a6d6-52e61cc7b7b0/4eeeb58d-66fe-4298-9dd9-ffb8cac87de6_2132143115.jpeg?h=225&w=225,Food Cupboard,"Tins, Cans & Packets"
255737763,Princes Skinless Boneless Mackerel Fillets Spicy Tomato Sauce 125G,£1.75,£1.40/100g,,,False,,False,3.6,8,False,https://www.tesco.com/groceries/en-GB/products/255737763,https://digitalcontent.api.tesco.com/v2/media/ghs/d2c24c37-4670-4363-a884-afc4ad09dac5/a702b098-f51a-4c0a-9f40-4bade33fda44_1411426517.jpeg?h=225&w=225,Food Cupboard,"Tins, Cans & Packets"
266841259,Tesco Tuna Chunks In Brine 3X80g,£2.20,£1.31/100g DR.WT,,,False,,False,4.9,18,False,https://www.tesco.com/groceries/en-GB/products/266841259,https://digitalcontent.api.tesco.com/v2/media/ghs/927d04cc-81ed-4136-ae2a-1746d0288cf4/a7531a36-35d7-4f4d-9cd4-1aac41add50f_1542488906.jpeg?h=225&w=225,Food Cupboard,"Tins, Cans & Packets"
306827389,Biona Organic Black Beans 400G,£1.60,£4.00/kg,£1.35 Clubcard Price,(£3.38/kg),True,Offer valid for delivery from 16/04/2025 until 13/05/2025,False,,3,False,https://www.tesco.com/groceries/en-GB/products/306827389,https://digitalcontent.api.tesco.com/v2/media/ghs/67471f24-faaa-441e-869e-6deb7cd3b382/fa43dcb9-1c48-4cc4-a06f-7f9b445e9133_1075940077.jpeg?h=225&w=225,Food Cupboard,"Tins, Cans & Packets"
275184389,Heinz Baked Beans Fiery Chilli Beanz 390G,£1.40,£3.59/kg,Any 2 for £2 Clubcard Price - Selected Heinz Beanz 390g Or 415g,,True,Offer valid for delivery from 27/11/2024 until 13/05/2025,False,4.4,32,False,https://www.tesco.com/groceries/en-GB/products/275184389,https://digitalcontent.api.tesco.com/v2/media/ghs/e3fe9dd5-a1b7-405b-93b9-b32f3166586b/f398abe2-fff0-44f4-876e-6b9a82717a1b_628892090.jpeg?h=225&w=225,Food Cupboard,"Tins, Cans & Packets"
289724853,Princes Apple Fruit Filling 395G,£1.80,£4.93/kg,,,False,,False,,11,False,https://www.tesco.com/groceries/en-GB/products/289724853,https://digitalcontent.api.tesco.com/v2/media/ghs/111f2d86-6fc9-4adf-807a-2687a32e3e38/52094829-73b1-4a5b-af66-cc5096cc3c07_1809544634.jpeg?h=225&w=225,Food Cupboard,"Tins, Cans & Packets"
255937025,Dole Fruit Bowl Mandarins In Juice 4 X 113G,£2.30,£0.85/100g DR.WT,£1.50 Save 1/3 Clubcard Price,(£0.55/100g DR.WT),True,Offer valid for delivery from 16/04/2025 until 13/05/2025,False,4.4,9,False,https://www.tesco.com/groceries/en-GB/products/255937025,https://digitalcontent.api.tesco.com/v2/media/ghs/1cb1faee-053c-4fd6-83a2-065ceee1cf5f/47ce4fca-8b08-4ddb-b89d-cb6720dcf518_201709756.jpeg?h=225&w=225,Food Cupboard,"Tins, Cans & Packets"
302276424,Princes Drained Tuna Steak In Spring Water 110G,,,,,False,,False,2.3,3,False,https://www.tesco.com/groceries/en-GB/products/302276424,https://digitalcontent.api.tesco.com/v2/media/ghs/ecd19c3f-3ee0-430a-86d4-773a184beedb/8e349427-e0df-4f40-860e-fe607453bf56_1434627404.jpeg?h=225&w=225,Food Cupboard,"Tins, Cans & Packets"
292341443,Tulip Pork Luncheon Meat 250G,£1.85,£0.74/100g,,,False,,False,4.4,9,False,https://www.tesco.com/groceries/en-GB/products/292341443,https://digitalcontent.api.tesco.com/v2/media/ghs/e1ec45eb-254f-4a78-b6b3-97c2c62ebfeb/b7c409ce-6bae-4610-992e-8785f9ccbdb9_1693227680.jpeg?h=225&w=225,Food Cupboard,"Tins, Cans & Packets"
302638538,Kingfisher Crab Meat Jumbo 145g,,,,,False,,False,3.3,32,False,https://www.tesco.com/groceries/en-GB/products/302638538,https://digitalcontent.api.tesco.com/v2/media/ghs/46097b4d-49d2-448e-a278-1e2c5b72a914/9f02f02c-6ede-45eb-ab4a-a4ad37c4ea8e_1885246459.jpeg?h=225&w=225,Food Cupboard,"Tins, Cans & Packets"
289600026,Dole Fruit Salad With Cherry 4X113g,£2.30,£0.88/100g DR.WT,£1.50 Save 1/3 Clubcard Price,(£0.58/100g DR.WT),True,Offer valid for delivery from 16/04/2025 until 13/05/2025,False,4.2,6,False,https://www.tesco.com/groceries/en-GB/products/289600026,https://digitalcontent.api.tesco.com/v2/media/ghs/a234c055-a5a5-48f7-a072-74e26786555b/448f8d84-7c2e-49bb-890d-5f1631436986_1061486608.jpeg?h=225&w=225,Food Cupboard,"Tins, Cans & Packets"
310164746,Princes Drained Tuna Steak In Spring Water 3X60g,,,,,False,,False,3.1,7,False,https://www.tesco.com/groceries/en-GB/products/310164746,https://digitalcontent.api.tesco.com/v2/media/ghs/f0ad4652-f94a-4917-a974-c4730299d7b5/9545942d-8ab3-426f-b60e-c3ab278284ab_1515124452.jpeg?h=225&w=225,Food Cupboard,"Tins, Cans & Packets"
266837576,Tesco Tuna Chunks In Oil 3 X 80G,£2.20,£1.31/100g DR.WT,,,False,,False,2.8,17,False,https://www.tesco.com/groceries/en-GB/products/266837576,https://digitalcontent.api.tesco.com/v2/media/ghs/37737d6d-52cd-4589-a89e-d428bc033c47/14954ea6-ed5f-469d-9314-e8f3e8efcf57_1712248004.jpeg?h=225&w=225,Food Cupboard,"Tins, Cans & Packets"
287966483,Heinz Tomato & Basil Cup Soup 4 Pack 88G,£1.50,£1.70/100g,,,False,,False,,21,False,https://www.tesco.com/groceries/en-GB/products/287966483,https://digitalcontent.api.tesco.com/v2/media/ghs/3e2c6bf8-8406-447d-ac09-dcc49ec12d9d/1db24d8c-5d09-420a-9228-a8ac228b4bdf_1510188583.jpeg?h=225&w=225,Food Cupboard,"Tins, Cans & Packets"
256533772,Tesco Yellow Split Peas 500G,£1.20,£2.40/kg,,,False,,False,2.9,30,False,https://www.tesco.com/groceries/en-GB/products/256533772,https://digitalcontent.api.tesco.com/v2/media/ghs/0a4464ea-4574-4f3e-8bab-00b578ac91cc/ec409396-baaa-4d0b-87a1-1a37f0961fdb_1326821050.jpeg?h=225&w=225,Food Cupboard,"Tins, Cans & Packets"
276701416,Princes Black Cherry Fruit Filling 410G,£1.80,£4.39/kg,,,False,,False,3.6,13,False,https://www.tesco.com/groceries/en-GB/products/276701416,https://digitalcontent.api.tesco.com/v2/media/ghs/ce992a58-cab5-4d2c-b65f-390903ba78da/b81be88b-ad30-4be5-aadb-6bba56fbe764_463756163.jpeg?h=225&w=225,Food Cupboard,"Tins, Cans & Packets"
302275022,Princes Tuna Chunks In Sunflower Oil 145G,£1.75,£1.72/100g DR.WT,£1.25 Clubcard Price,(£1.23/100g DR.WT),True,Offer valid for delivery from 16/04/2025 until 13/05/2025,False,2.7,6,False,https://www.tesco.com/groceries/en-GB/products/302275022,https://digitalcontent.api.tesco.com/v2/media/ghs/ebad0469-73a0-4f7c-baa4-f482aa1236cd/8952bac9-5cf7-4891-b079-5287ebdb63fd_462527811.jpeg?h=225&w=225,Food Cupboard,"Tins, Cans & Packets"
281679319,Green Giant Organic Salt Free Sweetcorn 160G,£1.30,£9.29/kg DR.WT,,,False,,False,3.7,3,False,https://www.tesco.com/groceries/en-GB/products/281679319,https://digitalcontent.api.tesco.com/v2/media/ghs/fcd34dbb-7241-4ff3-bfa8-b6d1fc19eb7e/16cea5af-4441-4010-b765-c26913499527_103175196.jpeg?h=225&w=225,Food Cupboard,"Tins, Cans & Packets"
268592498,Baxters Favourites Royal Game Soup 400G,£1.90,£0.48/100g,£1.25 Save 1/3 Clubcard Price,(£0.31/100g),True,Offer valid for delivery from 17/03/2025 until 13/05/2025,False,,12,False,https://www.tesco.com/groceries/en-GB/products/268592498,https://digitalcontent.api.tesco.com/v2/media/ghs/94b9a9ab-7296-48c5-926b-964b19047a11/cb21188e-d088-4a8c-9a20-51671ca8b703_745012795.jpeg?h=225&w=225,Food Cupboard,"Tins, Cans & Packets"
306928615,Tesco Finest Cantabrian Anchovy Fillets 100G,£2.90,£4.83/100g DR.WT,,,False,,False,4.5,33,False,https://www.tesco.com/groceries/en-GB/products/306928615,https://digitalcontent.api.tesco.com/v2/media/ghs/51d25565-a10b-43fa-b609-e0698c17ca29/41525adc-fda1-43df-840c-1d7af6b853bb_70512376.jpeg?h=225&w=225,Food Cupboard,"Tins, Cans & Packets"
267193908,Baxters Favourites Highlander Broth Soup 400G,£1.90,£0.48/100g,£1.25 Save 1/3 Clubcard Price,(£0.31/100g),True,Offer valid for delivery from 17/03/2025 until 13/05/2025,False,3.2,18,False,https://www.tesco.com/groceries/en-GB/products/267193908,https://digitalcontent.api.tesco.com/v2/media/ghs/ac73ff9c-b212-4cd9-8d2b-0bb87b1339ab/18b4d066-0596-4d22-bfa7-8398f4d459dc_501531607.jpeg?h=225&w=225,Food Cupboard,"Tins, Cans & Packets"
307748740,Crosse And Blackwell Cream Of Mushroom Soup 400G,£1.10,£0.28/100g,Any 3 for £2.95 Clubcard Price - Selected Crosse & Blackwell Soup 400g,,True,Offer valid for delivery from 19/03/2025 until 13/05/2025,False,4.1,8,False,https://www.tesco.com/groceries/en-GB/products/307748740,https://digitalcontent.api.tesco.com/v2/media/ghs/04aa9551-4221-48cd-a0a4-54828da24c22/b9fb7a31-da4b-4e6f-9f7a-0e059c4a2f90_445402407.jpeg?h=225&w=225,Food Cupboard,"Tins, Cans & Packets"
275206492,Foresight Pease Pudding 410G,£1.00,£2.44/kg,,,False,,False,4.4,22,False,https://www.tesco.com/groceries/en-GB/products/275206492,https://digitalcontent.api.tesco.com/v2/media/ghs/2d4199df-2bb7-44f4-9158-eb1c34800a98/9d7211e9-2d99-43b0-8de0-a727ec806f6e_113385773.jpeg?h=225&w=225,Food Cupboard,"Tins, Cans & Packets"
268049549,Tesco Wild Pacific Pink Salmon 105G,£1.60,£1.52/100g,,,False,,False,4.5,42,False,https://www.tesco.com/groceries/en-GB/products/268049549,https://digitalcontent.api.tesco.com/v2/media/ghs/e16ab4ec-43a3-4751-b8ba-a2294c671c52/ee19157a-09b9-4186-b072-783711fb47fa_1638650439.jpeg?h=225&w=225,Food Cupboard,"Tins, Cans & Packets"
283197863,John West Infusions Tuna Lemon & Thyme 80G,£1.50,£1.88/100g,,,False,,False,,9,False,https://www.tesco.com/groceries/en-GB/products/283197863,https://digitalcontent.api.tesco.com/v2/media/ghs/88fa8282-90fc-4655-80ce-27cd578d6077/e5b318cb-5af1-43b1-8de2-d3c5444433dc_2053689802.jpeg?h=225&w=225,Food Cupboard,"Tins, Cans & Packets"
274246024,Crosse And Blackwell Broccoli & Stilton Soup 400G,£1.10,£0.28/100g,Any 3 for £2.95 Clubcard Price - Selected Crosse & Blackwell Soup 400g,,True,Offer valid for delivery from 19/03/2025 until 13/05/2025,False,,19,False,https://www.tesco.com/groceries/en-GB/products/274246024,https://digitalcontent.api.tesco.com/v2/media/ghs/b83b5ee0-6adb-4fe3-8ee9-3a1bc1f1bd84/80ae7abe-70a0-48a8-a1ec-06770d04da11_1392364008.jpeg?h=225&w=225,Food Cupboard,"Tins, Cans & Packets"
297242881,Pek Chopped Pork Gold 170G,£1.40,£0.82/100g,,,False,,False,,9,False,https://www.tesco.com/groceries/en-GB/products/297242881,https://digitalcontent.api.tesco.com/v2/media/ghs/f9429e00-0d48-4acb-aaa4-a5a91d94b5dd/cb587466-2c9a-4b4f-829b-f06d6be78ea9_1167388288.jpeg?h=225&w=225,Food Cupboard,"Tins, Cans & Packets"
297132320,Tesco Mushroom Cup Soups With Croutons 5 x 26g,£0.95,£0.73/100g,,,False,,False,,54,False,https://www.tesco.com/groceries/en-GB/products/297132320,https://digitalcontent.api.tesco.com/v2/media/ghs/ed082cff-34d7-4e16-ba3a-eb0fb7c32ad0/e9a4852d-d34e-418f-b728-0b18a30d8831_304824422.jpeg?h=225&w=225,Food Cupboard,"Tins, Cans & Packets"
297132160,Tesco Sweet & Spicy Cup Soups With Noodles 5 x 23g (115g),£0.95,£0.83/100g,,,False,,False,3.9,55,False,https://www.tesco.com/groceries/en-GB/products/297132160,https://digitalcontent.api.tesco.com/v2/media/ghs/06f40af7-4316-43ca-9049-7535a1b79eac/b8f8b700-5e3c-4859-aab8-43345c6af541_1600166952.jpeg?h=225&w=225,Food Cupboard,"Tins, Cans & Packets"
307752613,Tesco Chicken Tikka Masala 392G,£1.85,£4.72/kg,,,False,,False,2.2,35,False,https://www.tesco.com/groceries/en-GB/products/307752613,https://digitalcontent.api.tesco.com/v2/media/ghs/ccea1a79-bb41-4dcd-a347-e40f10751c98/41988292-0238-4e7e-aadf-ad45ec916faf_1331970308.jpeg?h=225&w=225,Food Cupboard,"Tins, Cans & Packets"
268548876,Baxters Cullen Skink Soup 400G,£3.95,£0.99/100g,£3.15 Clubcard Price,(£0.79/100g),True,Offer valid for delivery from 16/04/2025 until 13/05/2025,False,4.1,37,False,https://www.tesco.com/groceries/en-GB/products/268548876,https://digitalcontent.api.tesco.com/v2/media/ghs/f31f5828-ed5f-499a-972e-70bcc2225a1d/550be108-b866-461f-801c-452c1346557d_360899130.jpeg?h=225&w=225,Food Cupboard,"Tins, Cans & Packets"
302207127,Princes Drained Tuna Steak In Sunflower Oil3x110g,£4.75,£1.44/100g,£3.50 Save 25% Clubcard Price,(£1.06/100g),True,Offer valid for delivery from 16/04/2025 until 13/05/2025,False,4.5,4,False,https://www.tesco.com/groceries/en-GB/products/302207127,https://digitalcontent.api.tesco.com/v2/media/ghs/a1119486-ecaa-48e4-8069-4d2461355752/764faf9e-95c0-43bf-81c9-ed0610af46d1_1142605215.jpeg?h=225&w=225,Food Cupboard,"Tins, Cans & Packets"
297199776,Dino's Famous Big Dogs 1030G,,,,,False,,False,4.2,28,False,https://www.tesco.com/groceries/en-GB/products/297199776,https://digitalcontent.api.tesco.com/v2/media/ghs/aaf7aefa-8807-4fc3-b86c-0e4fc82871f2/37604f4c-0619-499f-bf66-8c01805e209f_1617626885.jpeg?h=225&w=225,Food Cupboard,"Tins, Cans & Packets"
256538133,Tesco Soup & Broth Mix 500G,£2.00,£4.00/kg,,,False,,False,4.1,28,False,https://www.tesco.com/groceries/en-GB/products/256538133,https://digitalcontent.api.tesco.com/v2/media/ghs/2f5780c0-b67a-4c51-bd76-6915adc34725/fa92c6d3-37b0-4b6e-bf67-a60603b4e2ca_360814573.jpeg?h=225&w=225,Food Cupboard,"Tins, Cans & Packets"
267194510,Baxters Beef Consome Soup 400G,£2.70,£0.68/100g,£2.15 Clubcard Price,(£0.54/100g),True,Offer valid for delivery from 16/04/2025 until 13/05/2025,False,3.7,9,False,https://www.tesco.com/groceries/en-GB/products/267194510,https://digitalcontent.api.tesco.com/v2/media/ghs/41d63a92-e06b-47f7-a9ae-4ce449defde5/422dfe4d-bc12-45c1-8242-c8d8fba685c2_371808371.jpeg?h=225&w=225,Food Cupboard,"Tins, Cans & Packets"
285672499,Rio Mare Tuna In Olive Oil 160G,£3.30,£3.17/100g DR.WT,£2.30 Clubcard Price,(£2.21/100g DR.WT),True,Offer valid for delivery from 16/04/2025 until 13/05/2025,False,3.9,33,False,https://www.tesco.com/groceries/en-GB/products/285672499,https://digitalcontent.api.tesco.com/v2/media/ghs/07cb7233-1532-4e43-a6dd-7de42e69a85a/22fdfb07-2247-4711-abe1-2e4c5966bdb0_191452195.jpeg?h=225&w=225,Food Cupboard,"Tins, Cans & Packets"
310103367,John West Anchovy Fillets In Olive Oil 95G,£3.10,£6.20/100g DR.WT,,,False,,False,,5,False,https://www.tesco.com/groceries/en-GB/products/310103367,https://digitalcontent.api.tesco.com/v2/media/ghs/6a43b479-a7af-4b44-aef1-b4350aa7ccd1/cbbbe25b-7fc1-447e-b511-7386a02b38d2_959172160.jpeg?h=225&w=225,Food Cupboard,"Tins, Cans & Packets"
258503217,Green Giant Hearts Of Palm 410G,£2.55,£11.59/kg DR.WT,,,False,,False,4.2,4,False,https://www.tesco.com/groceries/en-GB/products/258503217,https://digitalcontent.api.tesco.com/v2/media/ghs/b08a79c6-55e0-4b87-812a-4b07c742fd20/4a65446b-dce7-4da9-81d7-74d0d289cec4_1178948974.jpeg?h=225&w=225,Food Cupboard,"Tins, Cans & Packets"
311956597,Tesco Red Pepper & 3 Bean Chilli 392G,£2.15,£5.48/kg,,,False,,False,2.5,10,False,https://www.tesco.com/groceries/en-GB/products/311956597,https://digitalcontent.api.tesco.com/v2/media/ghs/ccc9da23-c30c-49d2-9a44-be63ed94cd9f/d652aea1-9adf-4cd5-85b9-01b16b4f92a2_1830838461.jpeg?h=225&w=225,Food Cupboard,"Tins, Cans & Packets"
312349796,Tesco Lentil & Vegetable Bolognese 392G,£2.15,£5.48/kg,,,False,,False,3.2,18,False,https://www.tesco.com/groceries/en-GB/products/312349796,https://digitalcontent.api.tesco.com/v2/media/ghs/f51b9e22-8015-4dd8-81b3-cc2e55215bd3/d4e9e953-d25a-4617-994d-68684f0f18b4_985776668.jpeg?h=225&w=225,Food Cupboard,"Tins, Cans & Packets"
255902280,Spam Lite Chopped Pork And Ham 200G,£3.00,£1.50/100g,£2.50 Clubcard Price,(£1.25/100g),True,Offer valid for delivery from 16/04/2025 until 13/05/2025,False,4.6,7,False,https://www.tesco.com/groceries/en-GB/products/255902280,https://digitalcontent.api.tesco.com/v2/media/ghs/3f2b3f01-c15c-4593-ab2d-c242149443ac/e7ce8560-e571-46e6-9595-ce6524814370_513243176.jpeg?h=225&w=225,Food Cupboard,"Tins, Cans & Packets"
279818769,Fray Bentos Steak & Kidney Pudding 200G,£2.50,£12.50/kg,,,False,,False,1.6,45,False,https://www.tesco.com/groceries/en-GB/products/279818769,https://digitalcontent.api.tesco.com/v2/media/ghs/323afdaf-8720-4950-abb5-67da0366b7b5/d32c23d2-c4fe-4630-8f85-c5b6eaee712c_1143171398.jpeg?h=225&w=225,Food Cupboard,"Tins, Cans & Packets"
283657878,Fray Bentos Just Steak Pudding 200G,£2.50,£12.50/kg,,,False,,False,1.9,38,False,https://www.tesco.com/groceries/en-GB/products/283657878,https://digitalcontent.api.tesco.com/v2/media/ghs/00d9d06c-9f44-4fba-9f2f-03b90b267178/9cefdc10-5d5a-48f9-9bb6-eae4b3c5f561_672930585.jpeg?h=225&w=225,Food Cupboard,"Tins, Cans & Packets"
260261321,Tesco Pinto Beans 500G,£2.00,£4.00/kg,,,False,,False,4.5,13,False,https://www.tesco.com/groceries/en-GB/products/260261321,https://digitalcontent.api.tesco.com/v2/media/ghs/8ecc19dd-8487-4ba3-aadb-6f5fa46a2b8c/e6cddea5-ffcc-405f-9cd4-2260ee1a5889_549774923.jpeg?h=225&w=225,Food Cupboard,"Tins, Cans & Packets"
256530942,Tesco Black Turtle Beans 500G,£2.00,£4.00/kg,,,False,,False,4.8,8,False,https://www.tesco.com/groceries/en-GB/products/256530942,https://digitalcontent.api.tesco.com/v2/media/ghs/211c1d8a-6d96-491f-a77f-bf57babbb602/62458bca-49f1-47a0-82d1-e9de35ab45ba_15852517.jpeg?h=225&w=225,Food Cupboard,"Tins, Cans & Packets"
252748144,John West Sardines Tomato Sauce 120G,£1.10,£1.31/100g DR.WT,,,False,,False,4.4,5,False,https://www.tesco.com/groceries/en-GB/products/252748144,https://digitalcontent.api.tesco.com/v2/media/ghs/b6ce4bff-1918-4532-a2d6-a4fcfadcfb09/b9258701-a651-4141-ace9-6d7a12e30010_1661347542.jpeg?h=225&w=225,Food Cupboard,"Tins, Cans & Packets"
300535496,Tesco Finest Mackerel With Black Pepper 110G,£2.30,£2.09/100g,,,False,,False,4.5,24,False,https://www.tesco.com/groceries/en-GB/products/300535496,https://digitalcontent.api.tesco.com/v2/media/ghs/b3544528-f894-4d95-818a-0e4c24011e6f/fce73e73-b64a-4390-a322-f17687c53119_1915650393.jpeg?h=225&w=225,Food Cupboard,"Tins, Cans & Packets"
258096908,Branston Baked Beans In Tomato Sauce 4 X 410G,£3.00,£1.83/kg,,,False,,False,4.3,68,False,https://www.tesco.com/groceries/en-GB/products/258096908,https://digitalcontent.api.tesco.com/v2/media/ghs/1263e6f6-3b91-4337-9eab-077d07485631/10ac7ac9-3185-49a5-aa43-9fa6e89ef60d.jpeg?h=225&w=225,Food Cupboard,"Tins, Cans & Packets"
256532750,Tesco Cannellini Beans 500G,£2.00,£4.00/kg,,,False,,False,,9,False,https://www.tesco.com/groceries/en-GB/products/256532750,https://digitalcontent.api.tesco.com/v2/media/ghs/3a336917-024c-4777-900e-52a3c55a336a/c69ecdd5-b27c-4a19-9a51-f189f6d8c1fc_320767678.jpeg?h=225&w=225,Food Cupboard,"Tins, Cans & Packets"
252748167,John West Sardines Sunflower Oil 120Gm,£1.10,£1.22/100g DR.WT,,,False,,False,3.4,5,False,https://www.tesco.com/groceries/en-GB/products/252748167,https://digitalcontent.api.tesco.com/v2/media/ghs/f81962a0-4610-458f-af7a-6afaf7a1c366/04805285-492e-4c31-824a-a6032eb30a04_687835187.jpeg?h=225&w=225,Food Cupboard,"Tins, Cans & Packets"
311675217,Princes Mackerel Fillets Sunflower Oil 125G,£1.75,£2.13/100g DR.WT,,,False,,False,,,False,https://www.tesco.com/groceries/en-GB/products/311675217,https://digitalcontent.api.tesco.com/v2/media/ghs/0635cff0-09e7-4c1c-9a68-c25ff631cf86/28b781c7-ecac-427d-b1a7-2e375bfab611_360334068.jpeg?h=225&w=225,Food Cupboard,"Tins, Cans & Packets"
280469086,Tulip Cure Chicken Breast 200G,£2.05,£1.02/100g,,,False,,False,,9,False,https://www.tesco.com/groceries/en-GB/products/280469086,https://digitalcontent.api.tesco.com/v2/media/ghs/813d745d-13b4-45d4-b82c-2c3c778074f8/b3e0b35f-8014-44dd-b748-f8fb3a3a614e_464396318.jpeg?h=225&w=225,Food Cupboard,"Tins, Cans & Packets"
302294828,Princes Tuna Chunks In Brine 145G,£1.75,£1.72/100g DR.WT,£1.25 Clubcard Price,(£1.23/100g DR.WT),True,Offer valid for delivery from 16/04/2025 until 13/05/2025,False,2.2,5,False,https://www.tesco.com/groceries/en-GB/products/302294828,https://digitalcontent.api.tesco.com/v2/media/ghs/6b5c67ec-f34b-4ceb-8896-0a6b021baecc/08549f1f-f3a7-416e-a143-9e89429a623f_370902374.jpeg?h=225&w=225,Food Cupboard,"Tins, Cans & Packets"
310101948,Princes Drained Tuna Steak In Sunflower Oil 3X60g,£2.50,£1.39/100g,,,False,,False,3.8,8,False,https://www.tesco.com/groceries/en-GB/products/310101948,https://digitalcontent.api.tesco.com/v2/media/ghs/54e85fae-6e9d-49db-bdc6-370dc6d65b8a/8f8c3c73-1cbd-468c-b093-50ce6717f822_693111052.jpeg?h=225&w=225,Food Cupboard,"Tins, Cans & Packets"
264094266,Nature's Finest Peach In Juice 400G,£1.85,£8.04/kg DR.WT,,,False,,False,4.4,5,False,https://www.tesco.com/groceries/en-GB/products/264094266,https://digitalcontent.api.tesco.com/v2/media/ghs/9afb223f-078c-4abd-8696-e2339023fd48/223f0521-8e44-44ea-86d4-27268f535be2_1862713340.jpeg?h=225&w=225,Food Cupboard,"Tins, Cans & Packets"
275014684,Nature's Finest Pear In Juice 400G,£1.85,£8.41/kg DR.WT,,,False,,False,3.5,8,False,https://www.tesco.com/groceries/en-GB/products/275014684,https://digitalcontent.api.tesco.com/v2/media/ghs/d1c81327-3539-407b-8a0e-6231b7d4ead5/5d0ee70f-248f-4916-a417-4a2a551369a5_977426008.jpeg?h=225&w=225,Food Cupboard,"Tins, Cans & Packets"
276186011,Tesco Peach in Mango Flavour Jelly 4 x 120g,£1.70,£0.35/100g,,,False,,False,4.8,38,False,https://www.tesco.com/groceries/en-GB/products/276186011,https://digitalcontent.api.tesco.com/v2/media/ghs/e93ad01f-7b56-4c3c-ba2b-ccf48d192995/24bdad29-5101-45b8-ab71-c9ef93931d01_1634519838.jpeg?h=225&w=225,Food Cupboard,"Tins, Cans & Packets"
274709486,Nature's Finest Pineapple In Juice 400G,£1.85,£8.04/kg DR.WT,,,False,,False,4.2,11,False,https://www.tesco.com/groceries/en-GB/products/274709486,https://digitalcontent.api.tesco.com/v2/media/ghs/0af0f23b-e77d-4a87-9fdc-2ebeddc13f01/d3d1af9d-fceb-4eb2-8f95-16f14c0c594c_1128904261.jpeg?h=225&w=225,Food Cupboard,"Tins, Cans & Packets"
310119882,Batchelors Slim A Soup Creamy Vegetables 51G,£1.65,£3.24/100g,,,False,,False,4.1,38,False,https://www.tesco.com/groceries/en-GB/products/310119882,https://digitalcontent.api.tesco.com/v2/media/ghs/0fef491d-e3b5-43b0-a87b-de3c6ac2153b/372b3de6-0e0e-4ce4-b198-323037db97b1_704726739.jpeg?h=225&w=225,Food Cupboard,"Tins, Cans & Packets"
255950573,Napolina Peeled Plum Tomatoes 400G,£1.00,£2.50/kg,,,False,,False,1.5,2,False,https://www.tesco.com/groceries/en-GB/products/255950573,https://digitalcontent.api.tesco.com/v2/media/ghs/32ffd0e7-0750-44ae-94d3-3a012970348c/a20303ad-602b-45bf-80bf-b721dd729e0a_456884786.jpeg?h=225&w=225,Food Cupboard,"Tins, Cans & Packets"
277883814,John West Infusions Tuna Basil 80G,£1.50,£1.88/100g,,,False,,False,,4,False,https://www.tesco.com/groceries/en-GB/products/277883814,https://digitalcontent.api.tesco.com/v2/media/ghs/c86ef170-e8ee-4ac0-984f-1ad93c6e8001/de6bdb51-814c-46bb-92a7-59ee589a99c3_1455230768.jpeg?h=225&w=225,Food Cupboard,"Tins, Cans & Packets"
289707626,Ainsley Harriott Hot & Sour Soup 3 Pack 60G,£1.30,£2.17/100g,,,False,,False,3.2,31,False,https://www.tesco.com/groceries/en-GB/products/289707626,https://digitalcontent.api.tesco.com/v2/media/ghs/6fb1805e-8a20-4ffe-8b3f-c3fe3eb35b9a/813e00b6-719a-4879-8d94-28f97d18e35e_664825304.jpeg?h=225&w=225,Food Cupboard,"Tins, Cans & Packets"
289707603,Ainsley Harriott Thai Chicken Lemongrass Cup Soup 3 Pack 69G,£1.30,£1.88/100g,,,False,,False,2.1,62,False,https://www.tesco.com/groceries/en-GB/products/289707603,https://digitalcontent.api.tesco.com/v2/media/ghs/55f7ec7f-38ba-4606-ae35-464485b101bc/6e63f414-a654-41cb-9dc1-dc24211251a1_1082626723.jpeg?h=225&w=225,Food Cupboard,"Tins, Cans & Packets"
263740372,Napolina Chopped Tomatoes With Garlic 400G,£1.00,£2.50/kg,,,False,,False,4.3,3,False,https://www.tesco.com/groceries/en-GB/products/263740372,https://digitalcontent.api.tesco.com/v2/media/ghs/9c9bfdbe-8c42-41e8-bd01-dd0dc1c24f82/300e4dcd-af8d-4713-9524-80e209f67e2c_94188158.jpeg?h=225&w=225,Food Cupboard,"Tins, Cans & Packets"
262365915,Tesco Wholewheat Couscous 500g,£1.20,£2.40/kg,,,False,,False,,27,False,https://www.tesco.com/groceries/en-GB/products/262365915,https://digitalcontent.api.tesco.com/v2/media/ghs/22780919-eb70-4210-bb22-cb86b47e11a4/b4fb4555-5d14-4d87-b02e-ee89d6183594_1943051787.jpeg?h=225&w=225,Food Cupboard,"Tins, Cans & Packets"
300601199,"Tesco Finest Sardines With Chilli, Lime & Coriander 105G",£1.15,£1.10/100g,,,False,,False,4.1,44,False,https://www.tesco.com/groceries/en-GB/products/300601199,https://digitalcontent.api.tesco.com/v2/media/ghs/6a16c4c5-5974-4bd5-a926-36f88516b967/ff0f8f3e-a624-4734-8fda-5a8489bf8a72_1786109708.jpeg?h=225&w=225,Food Cupboard,"Tins, Cans & Packets"
300534497,Tesco Finest Sardines In Paprika & Tomato Sauce 105G,£1.15,£1.10/100g,,,False,,False,3.5,22,False,https://www.tesco.com/groceries/en-GB/products/300534497,https://digitalcontent.api.tesco.com/v2/media/ghs/d7d00109-e456-467e-b466-cf81165eb704/cc5bd661-8393-4f27-bd72-1f422ab15b3b_1838424053.jpeg?h=225&w=225,Food Cupboard,"Tins, Cans & Packets"
252927566,Tesco Mixed Bean Salad in Vinaigrette 400g,,,,,False,,False,3.2,34,False,https://www.tesco.com/groceries/en-GB/products/252927566,https://digitalcontent.api.tesco.com/v2/media/ghs/77c0b1b0-126d-488a-94a0-190c226ea4ef/973b78fa-2345-434e-a755-38b9bfdabfcb_875840347.jpeg?h=225&w=225,Food Cupboard,"Tins, Cans & Packets"
297132222,Tesco Roast Chicken Cup Soup 5 Pack 130g,£0.95,£0.73/100g,,,False,,False,4.1,68,False,https://www.tesco.com/groceries/en-GB/products/297132222,https://digitalcontent.api.tesco.com/v2/media/ghs/7d8e37f9-5433-4a88-8cd8-f1b5e6bcc021/9f8cdd9e-223e-4ee9-b04e-a9899efd8ef7_1959512777.jpeg?h=225&w=225,Food Cupboard,"Tins, Cans & Packets"
300991260,Growers Harvest New Potatoes In Water 567G,£0.39,£1.13/kg DR.WT,,,False,,False,4.4,95,False,https://www.tesco.com/groceries/en-GB/products/300991260,https://digitalcontent.api.tesco.com/v2/media/ghs/4f19bd6e-a560-4d33-abe7-c94ce27835a0/b19fb449-3e7d-450f-803a-3dc343a10902_1720315419.jpeg?h=225&w=225,Food Cupboard,"Tins, Cans & Packets"
310120234,Tesco Tuna Chunks In Sunflower Oil 400G,£1.90,£0.68/100g DR.WT,,,False,,False,4.8,26,False,https://www.tesco.com/groceries/en-GB/products/310120234,https://digitalcontent.api.tesco.com/v2/media/ghs/dc7c38a4-c8b6-45ac-a160-65d111eaa663/be5b0780-1451-49db-b152-8983984ac081_333158602.jpeg?h=225&w=225,Food Cupboard,"Tins, Cans & Packets"
258341356,John West Red Salmon 213G,£4.50,£2.11/100g,,,False,,False,3.7,6,False,https://www.tesco.com/groceries/en-GB/products/258341356,https://digitalcontent.api.tesco.com/v2/media/ghs/e398b61c-9400-4f0f-937e-ab9a9a42e02b/e8891621-b2a6-4c8c-b082-329b039b7884_1922189472.jpeg?h=225&w=225,Food Cupboard,"Tins, Cans & Packets"
302207087,Princes Drained Tuna Steak In Brine 3X110g,£4.75,£1.44/100g,£3.50 Save 25% Clubcard Price,(£1.06/100g),True,Offer valid for delivery from 16/04/2025 until 13/05/2025,False,,2,False,https://www.tesco.com/groceries/en-GB/products/302207087,https://digitalcontent.api.tesco.com/v2/media/ghs/d2ea440d-788d-4038-8db2-fd383cc9318f/1534fd53-7914-4d04-826a-89d456bf3941_770105118.jpeg?h=225&w=225,Food Cupboard,"Tins, Cans & Packets"
262200986,Tesco Buckwheat 500G,£2.60,£5.20/kg,,,False,,False,,3,False,https://www.tesco.com/groceries/en-GB/products/262200986,https://digitalcontent.api.tesco.com/v2/media/ghs/7a3de620-896f-48de-bc8e-db28c764f666/f9423b6e-9c9d-48bd-ad93-8b2577aecae9_1480424978.jpeg?h=225&w=225,Food Cupboard,"Tins, Cans & Packets"
306822705,Rio Mare Tuna In Olive Oil 3X80g,£5.00,£3.20/100g DR.WT,,,False,,False,,19,False,https://www.tesco.com/groceries/en-GB/products/306822705,https://digitalcontent.api.tesco.com/v2/media/ghs/bc65e683-f5c6-4373-ad93-2a67921b91d7/55a64174-4836-421a-bf28-fef86b287674_2021289365.jpeg?h=225&w=225,Food Cupboard,"Tins, Cans & Packets"
312988874,John West Skinless & Boneless Wild Pink Salmon 3 X 80G,£4.00,£2.38/100g DR.WT,,,False,,False,2.8,5,False,https://www.tesco.com/groceries/en-GB/products/312988874,https://digitalcontent.api.tesco.com/v2/media/ghs/f06ffc7f-c02e-4e85-9b79-99e9d488aa39/2502b436-633d-460c-b29c-284515d74b59_678490812.jpeg?h=225&w=225,Food Cupboard,"Tins, Cans & Packets"
268285551,Princes Pink Wild Pacific Salmon 213g,£3.00,£1.41/100g,,,False,,False,4.5,2,False,https://www.tesco.com/groceries/en-GB/products/268285551,https://digitalcontent.api.tesco.com/v2/media/ghs/babfe3cf-82c6-41c7-8228-2ea747489739/bc07a731-c30b-43a9-860b-ffe9529da1ee_705419874.jpeg?h=225&w=225,Food Cupboard,"Tins, Cans & Packets"
250319990,John West Smoked Oysters Sunflower Oil 85G,£2.80,£4.31/100g DR.WT,,,False,,False,4.6,14,False,https://www.tesco.com/groceries/en-GB/products/250319990,https://digitalcontent.api.tesco.com/v2/media/ghs/a55a54dc-ddbb-4087-9b66-df29467a644c/6ab14da4-cec0-40c4-854d-68b952f38f78_675084170.jpeg?h=225&w=225,Food Cupboard,"Tins, Cans & Packets"
264456880,Van Smirren Mussels Cooked 8 Pickled 205G,£2.15,£2.39/100g DR.WT,,,False,,False,1.4,8,False,https://www.tesco.com/groceries/en-GB/products/264456880,https://digitalcontent.api.tesco.com/v2/media/ghs/2f0ae938-8824-495a-ada4-40ab97a1a869/fe40e22d-a1df-4905-a3f9-c6607e00436f_505751047.jpeg?h=225&w=225,Food Cupboard,"Tins, Cans & Packets"
312211262,Tesco Smoky Butternut & Bean Casserole 392G,£2.15,£5.48/kg,,,False,,False,3.8,13,False,https://www.tesco.com/groceries/en-GB/products/312211262,https://digitalcontent.api.tesco.com/v2/media/ghs/3bdbeec3-c7a7-4aa3-8936-e2108c21fda7/e11be659-d739-4eef-93ff-9c014e2d1308_1160035395.jpeg?h=225&w=225,Food Cupboard,"Tins, Cans & Packets"
300535450,Tesco Finest Hot Smoked Mackerel Fillets 110G,£2.30,£3.29/100g DR.WT,,,False,,False,4.2,19,False,https://www.tesco.com/groceries/en-GB/products/300535450,https://digitalcontent.api.tesco.com/v2/media/ghs/b24b20b6-6044-4856-ae15-05f95ae3b6c5/c9afae56-0aa2-437f-b41f-91948b02b211_1240466762.jpeg?h=225&w=225,Food Cupboard,"Tins, Cans & Packets"
314109029,John West Herring Fillets Tomato Sauce 145G,£1.90,£1.31/100g,,,False,,False,,1,False,https://www.tesco.com/groceries/en-GB/products/314109029,https://digitalcontent.api.tesco.com/v2/media/ghs/82c9e2ea-0ebb-418d-9024-70b0da11cd52/0b7888b0-f5a1-492d-97dd-d867b232302d_598753322.jpeg?h=225&w=225,Food Cupboard,"Tins, Cans & Packets"
275206048,Branston Reduced Sugar And Salt Baked Beans In Tomato Sauce 410G,£1.00,£2.44/kg,,,False,,False,4.7,12,False,https://www.tesco.com/groceries/en-GB/products/275206048,https://digitalcontent.api.tesco.com/v2/media/ghs/2a1029b2-75fe-4fa2-9b88-cb23434061b4/e732fd61-3e74-4021-b943-f8adcf66ba19_68157755.jpeg?h=225&w=225,Food Cupboard,"Tins, Cans & Packets"
254864567,John West Sild In Tomato Sauce 110G,£1.65,£1.50/100g,,,False,,False,4.8,5,False,https://www.tesco.com/groceries/en-GB/products/254864567,https://digitalcontent.api.tesco.com/v2/media/ghs/abc06c2f-306b-4335-92ce-b9cfff4265c2/242934b4-25d4-4f07-a1e8-18e1dc600893_2066848149.jpeg?h=225&w=225,Food Cupboard,"Tins, Cans & Packets"
311787422,Ben's Plant Powered Spicy Lentil Stew 285G,£2.50,£8.77/kg,£1.75 Clubcard Price,(£6.14/kg),True,Offer valid for delivery from 16/04/2025 until 13/05/2025,False,4.4,79,False,https://www.tesco.com/groceries/en-GB/products/311787422,https://digitalcontent.api.tesco.com/v2/media/ghs/64c5fc2f-8b08-4667-ad13-bdb5b7954d5c/f769dc95-1686-43f1-8184-012d5d0f8803_1988281691.jpeg?h=225&w=225,Food Cupboard,"Tins, Cans & Packets"
282411877,Merchant Gourmet Glorious Grains 250G,£2.15,£8.60/kg,£1.50 Clubcard Price,(£6.00/kg),True,Offer valid for delivery from 16/04/2025 until 13/05/2025,False,4.1,11,False,https://www.tesco.com/groceries/en-GB/products/282411877,https://digitalcontent.api.tesco.com/v2/media/ghs/6ef65f54-36a2-4261-8102-3834fa1cb1b5/b6ea86da-d9e9-401f-84dd-8db07022f06d_1285460289.jpeg?h=225&w=225,Food Cupboard,"Tins, Cans & Packets"
262713166,Heinz Baked Beanz Snap Pots 4 x 200g,£3.50,£4.38/kg,Any 2 for £6 Clubcard Price - Selected Heinz Snap Pots,,True,Offer valid for delivery from 04/04/2025 until 13/05/2025,False,,340,False,https://www.tesco.com/groceries/en-GB/products/262713166,https://digitalcontent.api.tesco.com/v2/media/ghs/17c9651f-12cc-4006-a6d6-9648f6c475d5/6d167215-ec7c-424d-a6e1-79e452500a55_2125850921.jpeg?h=225&w=225,Food Cupboard,"Tins, Cans & Packets"
276701566,Princes Summer Fruit Filling 410G,£1.80,£4.39/kg,,,False,,False,,2,False,https://www.tesco.com/groceries/en-GB/products/276701566,https://digitalcontent.api.tesco.com/v2/media/ghs/a6b2de5b-c01b-4530-9477-13d34db35bf6/99c20fb5-db47-414e-95ee-0e7cb2ca2502_583411837.jpeg?h=225&w=225,Food Cupboard,"Tins, Cans & Packets"
277867811,John West No Drain Tuna Steak In Spring Water 3X60g,£2.50,£1.39/100g,,,False,,False,,2,False,https://www.tesco.com/groceries/en-GB/products/277867811,https://digitalcontent.api.tesco.com/v2/media/ghs/f31f18e1-e022-4e48-8216-86ef033dcea4/808fe662-ce50-4b0c-9e0a-d8e6ebe87ac1_1158083343.jpeg?h=225&w=225,Food Cupboard,"Tins, Cans & Packets"
310143351,Princes Drained Tuna Steak In Brine 3X60g,£2.50,£1.39/100g,,,False,,False,,3,False,https://www.tesco.com/groceries/en-GB/products/310143351,https://digitalcontent.api.tesco.com/v2/media/ghs/86cfb007-090a-4c36-8a63-789a3d41ec94/7641fb64-acf0-48c0-8196-b8d9fbbc3d1f_1980184550.jpeg?h=225&w=225,Food Cupboard,"Tins, Cans & Packets"
265636736,Princes Pineapple Slices In Juice 432G,£1.25,£4.81/kg DR.WT,,,False,,False,,,False,https://www.tesco.com/groceries/en-GB/products/265636736,https://digitalcontent.api.tesco.com/v2/media/ghs/4f2ccc11-2774-4365-a06c-ce86585a7316/5cb9d8f3-8b57-4aa3-8445-1dc100b3cba0_1683195483.jpeg?h=225&w=225,Food Cupboard,"Tins, Cans & Packets"
265636815,Princes Pineapple Chunks In Juice 432G,£1.25,£4.81/kg DR.WT,,,False,,False,,,False,https://www.tesco.com/groceries/en-GB/products/265636815,https://digitalcontent.api.tesco.com/v2/media/ghs/4146d7e5-824d-4605-8e23-6439939a5f9d/6fb8054b-1a18-4436-a4de-ee3ec4ce7023_32152469.jpeg?h=225&w=225,Food Cupboard,"Tins, Cans & Packets"
264096585,Dole Gold Pineapple Chunks In Juice 227G,£1.00,£7.19/kg DR.WT,,,False,,False,,,False,https://www.tesco.com/groceries/en-GB/products/264096585,https://digitalcontent.api.tesco.com/v2/media/ghs/e6f1073c-ffd8-4b72-8ad5-ff0af17bcac8/9ecb46eb-b265-4e9f-b910-ab92b9aa4084_2005889849.jpeg?h=225&w=225,Food Cupboard,"Tins, Cans & Packets"
280803561,Dole Gold Pineapple Chunks In Juice 432G,£1.25,£4.60/kg DR.WT,,,False,,False,2.6,5,False,https://www.tesco.com/groceries/en-GB/products/280803561,https://digitalcontent.api.tesco.com/v2/media/ghs/fe6fbd22-c2ab-4e9e-b406-be29145f91b8/605bc862-565e-4e1c-b17f-323507adcc54_883630237.jpeg?h=225&w=225,Food Cupboard,"Tins, Cans & Packets"
280803676,Dole Gold Pineapple Slices In Juice 432G,£1.25,£4.60/kg DR.WT,,,False,,False,,,False,https://www.tesco.com/groceries/en-GB/products/280803676,https://digitalcontent.api.tesco.com/v2/media/ghs/e329cf36-ab15-4e80-ba16-2e8548042312/af1709d8-1e5c-4c94-a5f8-c210d13ddfe9_324752147.jpeg?h=225&w=225,Food Cupboard,"Tins, Cans & Packets"
289669866,Princes P/APPLE Chunks In Juice 227g,£1.00,£7.35/kg DR.WT,,,False,,False,,,False,https://www.tesco.com/groceries/en-GB/products/289669866,https://digitalcontent.api.tesco.com/v2/media/ghs/5119d160-1ca5-4d65-9775-d51b8e906f53/dfcb0438-328f-4b1a-af6f-b73e7e0f8198_13700960.jpeg?h=225&w=225,Food Cupboard,"Tins, Cans & Packets"
289669906,Princes Pineapple Slices In Juice 227G,£1.00,£7.35/kg DR.WT,,,False,,False,,,False,https://www.tesco.com/groceries/en-GB/products/289669906,https://digitalcontent.api.tesco.com/v2/media/ghs/a2d961cb-bb44-42fb-8e0b-b5e9d1ea187c/92faf6f9-f684-42c3-be19-f63ac17a3680_1798771787.jpeg?h=225&w=225,Food Cupboard,"Tins, Cans & Packets"
263871464,Dole Tropical Pineapple Slices In Juice 227G,£1.00,£7.19/kg DR.WT,,,False,,False,,1,False,https://www.tesco.com/groceries/en-GB/products/263871464,https://digitalcontent.api.tesco.com/v2/media/ghs/b4994678-f767-4273-87df-847d45fb731a/5a631ff4-6419-49af-9356-6f03c3b764ed_918855555.jpeg?h=225&w=225,Food Cupboard,"Tins, Cans & Packets"
251137990,John West Pink Salmon 213G,£2.00,£0.94/100g,,,False,,False,2.5,2,False,https://www.tesco.com/groceries/en-GB/products/251137990,https://digitalcontent.api.tesco.com/v2/media/ghs/f52014db-0c5b-4a46-bbfc-6408c2756b07/b387d72b-4e5c-4431-87c0-56312ac62246_738545027.jpeg?h=225&w=225,Food Cupboard,"Tins, Cans & Packets"
293229512,Princes Corned Beef 130G,£1.55,£1.19/100g,,,False,,False,3.4,24,False,https://www.tesco.com/groceries/en-GB/products/293229512,https://digitalcontent.api.tesco.com/v2/media/ghs/bcf3f5b2-5cf2-4091-b2f0-47e0f23c0838/f12d131b-1fa5-4817-8b9f-f0f0cdad91b4_1326563407.jpeg?h=225&w=225,Food Cupboard,"Tins, Cans & Packets"
311216189,Tesco Finest Cornish Sardines In Tomato Sauce 100G,£1.15,£1.15/100g,,,False,,False,3.4,26,False,https://www.tesco.com/groceries/en-GB/products/311216189,https://digitalcontent.api.tesco.com/v2/media/ghs/feb6ef94-f32f-46ab-96e4-01e03419927a/dda7cd03-3aab-42cd-a918-044df581596a_920802574.jpeg?h=225&w=225,Food Cupboard,"Tins, Cans & Packets"
307755898,Tesco Beef Bolognese 392G,£1.85,£4.72/kg,,,False,,False,4.1,17,False,https://www.tesco.com/groceries/en-GB/products/307755898,https://digitalcontent.api.tesco.com/v2/media/ghs/1504fffd-c2fa-4f37-821d-a06ed5044d99/2b23e743-4673-48ed-9c5b-72df4ace52cf_133480705.jpeg?h=225&w=225,Food Cupboard,"Tins, Cans & Packets"
307744829,Tesco Chicken Jalfrezi 392G,£1.85,£4.72/kg,,,False,,False,4.1,29,False,https://www.tesco.com/groceries/en-GB/products/307744829,https://digitalcontent.api.tesco.com/v2/media/ghs/52d855ba-e945-431f-8ccf-1520af8cf7eb/23ebb207-abf2-4b17-9194-5e415e684a88_391128740.jpeg?h=225&w=225,Food Cupboard,"Tins, Cans & Packets"
254899877,Tesco Peach Slices In Light Syrup 410g,£1.10,£4.40/kg DR.WT,,,False,,False,4.6,31,False,https://www.tesco.com/groceries/en-GB/products/254899877,https://digitalcontent.api.tesco.com/v2/media/ghs/f60d20c5-7178-4452-8a98-f8f23f159c44/29b65259-7d19-47e6-8ebe-dd5fab28cec9_1605188983.jpeg?h=225&w=225,Food Cupboard,"Tins, Cans & Packets"
255110600,Tesco Beef Ravioli in Tomato & Beef Sauce 400g,£0.95,£2.38/kg,,,False,,False,4.3,89,False,https://www.tesco.com/groceries/en-GB/products/255110600,https://digitalcontent.api.tesco.com/v2/media/ghs/2da49dc2-e754-4516-8685-885b74a7f312/333a9764-d707-4388-becf-9d05c21e0087_1190033757.jpeg?h=225&w=225,Food Cupboard,"Tins, Cans & Packets"
317663640,Grower's Harvest pineapple slices in juice 425g,,,,,False,,False,,1,False,https://www.tesco.com/groceries/en-GB/products/317663640,https://digitalcontent.api.tesco.com/v2/media/ghs/0e36d024-c0c3-48a1-88be-b96310671f19/69bded68-241b-4a28-93a8-9a46d60cfff4_1040568020.jpeg?h=225&w=225,Food Cupboard,"Tins, Cans & Packets"
258318609,Tesco Cheese Ravioli In Tomato Sauce 400G,£0.95,£2.38/kg,,,False,,False,3.5,45,False,https://www.tesco.com/groceries/en-GB/products/258318609,https://digitalcontent.api.tesco.com/v2/media/ghs/c025a1e7-59fb-4bd8-be84-4c690714df92/8af62867-25f6-4da4-9e50-cea943004e93_821785792.jpeg?h=225&w=225,Food Cupboard,"Tins, Cans & Packets"
271412173,Tesco Salmon Paste 75G,£0.49,£0.65/100g,,,False,,False,3.9,25,False,https://www.tesco.com/groceries/en-GB/products/271412173,https://digitalcontent.api.tesco.com/v2/media/ghs/4079db3c-69e3-4999-8fad-c972b81418a1/36dd3859-2f9c-440d-90b7-83f8d264df7d_298955903.jpeg?h=225&w=225,Food Cupboard,"Tins, Cans & Packets"
316644181,Mutti Polpa Finely Chopped Tomatoes 4 x 400g,£5.60,£3.50/kg,,,False,,False,4.7,18,False,https://www.tesco.com/groceries/en-GB/products/316644181,https://digitalcontent.api.tesco.com/v2/media/ghs/8ddab134-ef01-4677-9e18-adc68eed6422/2ab69fb0-e61d-4c7f-b77d-44ca4ca7fc77.jpeg?h=225&w=225,Food Cupboard,"Tins, Cans & Packets"
302317878,Heinz Baked Beans 12 X 415G,£10.25,£2.06/kg,,,False,,False,,333,False,https://www.tesco.com/groceries/en-GB/products/302317878,https://digitalcontent.api.tesco.com/v2/media/ghs/29afa7d4-afad-4e9a-8cd1-861cd9f6bdea/ab0ca42b-6ed3-4a8b-bf2c-3e7c3fbb8dab_939026776.jpeg?h=225&w=225,Food Cupboard,"Tins, Cans & Packets"
316635177,Heinz Beanz With Richmond Pork Sausages 415g,£2.00,£4.82/kg,Any 3 for £4.50 Clubcard Price - Selected Heinz Beans And Pasta Meals 390g - 415g,,True,Offer valid for delivery from 16/04/2025 until 13/05/2025,False,3.1,119,False,https://www.tesco.com/groceries/en-GB/products/316635177,https://digitalcontent.api.tesco.com/v2/media/ghs/b503da95-6fe9-4320-8767-50b9d8b8e08e/c792eb4c-3ed4-49fb-91c3-25f1c0711c99_328906266.jpeg?h=225&w=225,Food Cupboard,"Tins, Cans & Packets"
313386916,Heinz Plant-Based Baked Beanz & Vegan Sausages 415G,£2.00,£0.00/kg,Any 3 for £4.50 Clubcard Price - Selected Heinz Beans And Pasta Meals 390g - 415g,,True,Offer valid for delivery from 16/04/2025 until 13/05/2025,False,3.6,84,False,https://www.tesco.com/groceries/en-GB/products/313386916,https://digitalcontent.api.tesco.com/v2/media/ghs/72434756-a99d-4587-9f34-f34b1bae7c40/e83dd7f5-c9b1-42da-b72d-bb8e721e5342_995312341.jpeg?h=225&w=225,Food Cupboard,"Tins, Cans & Packets"
292703125,Cirio Double Concentrate Puree 4 Pack 70G,£2.70,£9.64/kg,,,False,,False,4.9,27,False,https://www.tesco.com/groceries/en-GB/products/292703125,https://digitalcontent.api.tesco.com/v2/media/ghs/bf49dc3f-5f79-4e39-b7dc-8c5dfe69cbd8/snapshotimagehandler_410885689.jpeg?h=225&w=225,Food Cupboard,"Tins, Cans & Packets"
315577181,Baxters Vegetarian Honeyed root veg soup 400g,£2.00,£0.50/100g,,,False,,False,2.9,11,False,https://www.tesco.com/groceries/en-GB/products/315577181,https://digitalcontent.api.tesco.com/v2/media/ghs/a40163d0-d0e3-4a9d-b465-9e3d4849d0b0/b0726b25-62a1-46bc-a2a8-11a0fcaee626_1304231320.jpeg?h=225&w=225,Food Cupboard,"Tins, Cans & Packets"
317202645,Heinz Baked Beans in Tomato Sauce 6x200G,£4.25,£3.54/kg,,,False,,False,,333,False,https://www.tesco.com/groceries/en-GB/products/317202645,https://digitalcontent.api.tesco.com/v2/media/ghs/f6afec3d-c758-42b6-8a67-efcbb0f65519/61fb3cd9-22c6-4435-bacc-ec51b0501063_364998399.jpeg?h=225&w=225,Food Cupboard,"Tins, Cans & Packets"
289807001,Mutti Passata 400G,£2.00,£5.00/kg,,,False,,False,4.9,16,False,https://www.tesco.com/groceries/en-GB/products/289807001,https://digitalcontent.api.tesco.com/v2/media/ghs/94d58637-9c94-4972-b788-abff08b65969/f5ba578d-5b05-4960-8a6b-816bc0e2f7d3_1905293457.jpeg?h=225&w=225,Food Cupboard,"Tins, Cans & Packets"
316937094,Heinz Beanz Richmond Pork Sausages 200g,£1.40,£7.00/kg,,,False,,False,3.9,83,False,https://www.tesco.com/groceries/en-GB/products/316937094,https://digitalcontent.api.tesco.com/v2/media/ghs/18a41669-20c6-4373-adea-526b0ebfc350/cb321d56-debd-429d-9a24-60fa4342cf10_697863767.jpeg?h=225&w=225,Food Cupboard,"Tins, Cans & Packets"
266523066,Stagg Vegetable Garden Chilli 400G,£2.25,£5.62/kg,£2.00 Clubcard Price,(£5.00/kg),True,Offer valid for delivery from 16/04/2025 until 13/05/2025,False,4.3,6,False,https://www.tesco.com/groceries/en-GB/products/266523066,https://digitalcontent.api.tesco.com/v2/media/ghs/dd653597-d1ae-4a40-8ff3-a035704f515a/c81a6241-acfc-498d-b933-0efd2b06564d_106159433.jpeg?h=225&w=225,Food Cupboard,"Tins, Cans & Packets"
311779069,Mutti Double Concentrate Tomato Puree 130g,,,,,False,,False,4.9,9,False,https://www.tesco.com/groceries/en-GB/products/311779069,https://digitalcontent.api.tesco.com/v2/media/ghs/40fdc4b9-6d89-417f-a121-5acaddd3e7da/357380a8-4cfe-437e-82c7-c9508254450b_1952186416.jpeg?h=225&w=225,Food Cupboard,"Tins, Cans & Packets"
313002024,Heinz Plant-Based Vegan Creamy Tomato Soup 400G,£1.70,£0.42/100g,5 for £5 or 10 for £9 Clubcard Price - Heinz Classic Soup 400g,,True,Offer valid for delivery from 27/11/2024 until 13/05/2025,False,4.6,44,False,https://www.tesco.com/groceries/en-GB/products/313002024,https://digitalcontent.api.tesco.com/v2/media/ghs/7a2fb8dc-52c1-44f9-ad14-34e1e9c3a36d/dc7fa4e7-3ce3-4999-acf1-fa0c93e8b060_1917910133.jpeg?h=225&w=225,Food Cupboard,"Tins, Cans & Packets"
266643851,Cirio Tomato Puree 140G,£1.50,£10.71/kg,,,False,,False,4.8,24,False,https://www.tesco.com/groceries/en-GB/products/266643851,https://digitalcontent.api.tesco.com/v2/media/ghs/03fbb80b-6948-44f7-8c23-646849298956/0765457c-70d8-4cce-861c-71bdf3d96715_1720645372.jpeg?h=225&w=225,Food Cupboard,"Tins, Cans & Packets"
297661062,Mutti Whole Peeled Tomatoes Tin 400G,£1.50,£3.75/kg,£1.00 Save 1/3 Clubcard Price,(£2.50/kg),True,Offer valid for delivery from 16/04/2025 until 13/05/2025,False,4.6,33,False,https://www.tesco.com/groceries/en-GB/products/297661062,https://digitalcontent.api.tesco.com/v2/media/ghs/258f6266-4c55-4443-9655-85d7750b72e6/745e3bb6-b2c7-4f36-ba3e-311031c25880_1027476455.jpeg?h=225&w=225,Food Cupboard,"Tins, Cans & Packets"
307339965,Napolina Double Concentrate Tomato Puree 200g,£1.50,£7.50/kg,,,False,,False,,,False,https://www.tesco.com/groceries/en-GB/products/307339965,https://digitalcontent.api.tesco.com/v2/media/ghs/9fa90142-ddcd-4d20-82fb-fc7046d6547c/4d3d58e8-6bdc-4004-9960-eca25635c513_699188635.jpeg?h=225&w=225,Food Cupboard,"Tins, Cans & Packets"
289806987,Mutti Polpa Finely Chopped Tomatoes 400G,£1.50,£3.75/kg,£1.00 Save 1/3 Clubcard Price,(£2.50/kg),True,Offer valid for delivery from 16/04/2025 until 13/05/2025,False,4.8,41,False,https://www.tesco.com/groceries/en-GB/products/289806987,https://digitalcontent.api.tesco.com/v2/media/ghs/3e313759-62d4-4028-bccc-7d2f209e6a46/f4069942-28e5-4fc2-ad8f-3a8a09a4edc9_589555014.jpeg?h=225&w=225,Food Cupboard,"Tins, Cans & Packets"
315390308,Heinz Spaghetti Hoops in Tomato Sauce 4 x 205g,£2.75,£3.35/kg,,,False,,False,,10,False,https://www.tesco.com/groceries/en-GB/products/315390308,https://digitalcontent.api.tesco.com/v2/media/ghs/12c166b9-3031-48ae-8482-21a068db48ee/942a4085-37c5-420a-a79a-26a5b66ace6e_1569524836.jpeg?h=225&w=225,Food Cupboard,"Tins, Cans & Packets"
315471490,Heinz Baked Beans in Tomato Sauce 4 x 200g,£2.75,£3.44/kg,,,False,,False,4.6,18,False,https://www.tesco.com/groceries/en-GB/products/315471490,https://digitalcontent.api.tesco.com/v2/media/ghs/daa451ae-b168-4ae1-b843-94107d6759b2/cc188b92-a584-437c-a8e4-3d2c91457ba4.jpeg?h=225&w=225,Food Cupboard,"Tins, Cans & Packets"
315390078,Heinz No Added Sugar Baked Beans in Tomato Sauce 4 x 200g,£2.75,£3.44/kg,,,False,,False,4.6,44,False,https://www.tesco.com/groceries/en-GB/products/315390078,https://digitalcontent.api.tesco.com/v2/media/ghs/693092d5-8fbe-468f-b3b8-9d63533e3f89/d2dc9eac-1b17-4065-a222-13bbd6d9ef23.jpeg?h=225&w=225,Food Cupboard,"Tins, Cans & Packets"
315762946,Heinz Double Concentrated Tomato Puree 130g,,,,,False,,False,4.6,23,False,https://www.tesco.com/groceries/en-GB/products/315762946,https://digitalcontent.api.tesco.com/v2/media/ghs/93e8edec-7560-43a8-862c-4fe322460442/fce72702-6295-437d-8dc9-5d9e3600f923_400848423.jpeg?h=225&w=225,Food Cupboard,"Tins, Cans & Packets"
316436107,Heinz Cathedral City Cheesy Baked Beans 390G,£1.80,£4.62/kg,Any 3 for £4.50 Clubcard Price - Selected Heinz Beans And Pasta Meals 390g - 415g,,True,Offer valid for delivery from 16/04/2025 until 13/05/2025,False,3.9,38,False,https://www.tesco.com/groceries/en-GB/products/316436107,https://digitalcontent.api.tesco.com/v2/media/ghs/6e1326f9-bc6c-439e-9277-718078fc44cd/5bc8976d-6ed0-4c49-b79d-af396ec1d97b_1252855559.jpeg?h=225&w=225,Food Cupboard,"Tins, Cans & Packets"
317064796,Heinz Spaghetti Richmond Pork Sausages 200g,£1.40,£7.00/kg,,,False,,False,4.4,26,False,https://www.tesco.com/groceries/en-GB/products/317064796,https://digitalcontent.api.tesco.com/v2/media/ghs/844c519b-9df4-4173-bb55-df1c36cfe9a3/0ecff183-de7a-44a5-9b40-336ab1aaecd8_1534829899.jpeg?h=225&w=225,Food Cupboard,"Tins, Cans & Packets"
315587606,Crosse And Blackwell Cream of Tomato Soup 400G,£1.10,£0.28/100g,Any 3 for £2.95 Clubcard Price - Selected Crosse & Blackwell Soup 400g,,True,Offer valid for delivery from 19/03/2025 until 13/05/2025,False,4.2,8,False,https://www.tesco.com/groceries/en-GB/products/315587606,https://digitalcontent.api.tesco.com/v2/media/ghs/e4e92966-8560-407e-991b-8177c45f4ce0/52984f94-48d7-4eb0-9f96-90167c532e9e_485456724.jpeg?h=225&w=225,Food Cupboard,"Tins, Cans & Packets"
315452547,Crosse & Blackwell Minestrone Soup 400g,£1.10,£0.28/100g,Any 3 for £2.95 Clubcard Price - Selected Crosse & Blackwell Soup 400g,,True,Offer valid for delivery from 19/03/2025 until 13/05/2025,False,,1,False,https://www.tesco.com/groceries/en-GB/products/315452547,https://digitalcontent.api.tesco.com/v2/media/ghs/1e03d090-586f-4300-889e-1422fd62cf24/560761d2-86f1-4c43-bc10-f0d511e1afa1_1078554874.jpeg?h=225&w=225,Food Cupboard,"Tins, Cans & Packets"
307337459,Heinz Big Soup Chicken & Bacon 400G,£2.00,£0.50/100g,Any 3 for £4 Clubcard Price - Selected Heinz Big Soup 400g,,True,Offer valid for delivery from 27/11/2024 until 13/05/2025,False,3.9,36,False,https://www.tesco.com/groceries/en-GB/products/307337459,https://digitalcontent.api.tesco.com/v2/media/ghs/e3352dfe-b5f2-41d1-8a21-f5ab0f6df49d/39181292-7a6e-47c6-a2b9-c107298c1bcb_727482212.jpeg?h=225&w=225,Food Cupboard,"Tins, Cans & Packets"
321028419,Heinz Finely Chopped Tomatoes 400g,£1.25,£3.12/kg,75p Clubcard Price,(£1.88/kg),True,Offer valid for delivery from 16/04/2025 until 10/06/2025,False,4.8,13,False,https://www.tesco.com/groceries/en-GB/products/321028419,https://digitalcontent.api.tesco.com/v2/media/ghs/5adbb3bb-c56b-469a-8316-8bc6c86d01db/1f01a4a7-51d2-46dd-9f23-acfca1fa7ae1_1894736273.jpeg?h=225&w=225,Food Cupboard,"Tins, Cans & Packets"
315855937,Heinz Classic Passata 500g,£1.75,£3.50/kg,,,False,,False,4.9,24,False,https://www.tesco.com/groceries/en-GB/products/315855937,https://digitalcontent.api.tesco.com/v2/media/ghs/40627ac0-9ee2-48b8-970e-2cce2746d692/d714d536-e59b-4178-96be-f6a85b3a4a48_1758552951.jpeg?h=225&w=225,Food Cupboard,"Tins, Cans & Packets"
315338672,Heinz French Onion Soup 400G,£1.70,£0.42/100g,5 for £5 or 10 for £9 Clubcard Price - Heinz Classic Soup 400g,,True,Offer valid for delivery from 27/11/2024 until 13/05/2025,False,,48,False,https://www.tesco.com/groceries/en-GB/products/315338672,https://digitalcontent.api.tesco.com/v2/media/ghs/3b686ac2-3316-4fad-8382-a7a3541225bc/253ab2b6-e1c5-4851-9fed-5b9292ececa2_443406496.jpeg?h=225&w=225,Food Cupboard,"Tins, Cans & Packets"
315353100,Heinz Chicken Broth Soup 400G,£1.70,£0.42/100g,5 for £5 or 10 for £9 Clubcard Price - Heinz Classic Soup 400g,,True,Offer valid for delivery from 27/11/2024 until 13/05/2025,False,4.3,31,False,https://www.tesco.com/groceries/en-GB/products/315353100,https://digitalcontent.api.tesco.com/v2/media/ghs/c90f990a-5756-4b6a-982e-ad0e0e378050/22dda8d0-b427-4b67-9134-22fd6da7389e_1684811534.jpeg?h=225&w=225,Food Cupboard,"Tins, Cans & Packets"
315351160,Heinz Spicy Parsnip Soup 400G,£1.70,£0.42/100g,5 for £5 or 10 for £9 Clubcard Price - Heinz Classic Soup 400g,,True,Offer valid for delivery from 27/11/2024 until 13/05/2025,False,3.7,42,False,https://www.tesco.com/groceries/en-GB/products/315351160,https://digitalcontent.api.tesco.com/v2/media/ghs/b6edc8d4-e20c-45f6-8513-68c9e355a5e9/62cba749-23dc-4c0f-8f60-67f04810413f_555201723.jpeg?h=225&w=225,Food Cupboard,"Tins, Cans & Packets"
315350092,Heinz Broccoli & Stilton Soup 400G,£1.70,£0.42/100g,5 for £5 or 10 for £9 Clubcard Price - Heinz Classic Soup 400g,,True,Offer valid for delivery from 27/11/2024 until 13/05/2025,False,2.9,50,False,https://www.tesco.com/groceries/en-GB/products/315350092,https://digitalcontent.api.tesco.com/v2/media/ghs/7c162f2d-2613-49be-87c1-f930d2855c24/e7ee3d34-c86c-47b9-8a3d-c30c01d42663_1791908239.jpeg?h=225&w=225,Food Cupboard,"Tins, Cans & Packets"
317423965,Heinz Curried Butternut Squash Soup 400G,£1.70,£0.42/100g,5 for £5 or 10 for £9 Clubcard Price - Heinz Classic Soup 400g,,True,Offer valid for delivery from 27/11/2024 until 13/05/2025,False,4.3,28,False,https://www.tesco.com/groceries/en-GB/products/317423965,https://digitalcontent.api.tesco.com/v2/media/ghs/70a64fad-c0c2-4f3e-b266-ac8e7e201ed5/d1945546-bb09-4f97-9374-423dd711cbc6_459545620.jpeg?h=225&w=225,Food Cupboard,"Tins, Cans & Packets"
317558727,Heinz Smokey Bacon & Potato Soup 400g,£1.70,£0.42/100g,5 for £5 or 10 for £9 Clubcard Price - Heinz Classic Soup 400g,,True,Offer valid for delivery from 27/11/2024 until 13/05/2025,False,3.9,28,False,https://www.tesco.com/groceries/en-GB/products/317558727,https://digitalcontent.api.tesco.com/v2/media/ghs/69ee54f1-74b5-46d8-a958-702a10d76eee/c69c2f33-715e-4cda-8bd2-bbeae9ff6ef3_883865208.jpeg?h=225&w=225,Food Cupboard,"Tins, Cans & Packets"
314430917,Tesco Reduced Sugar & Salt Baked Beans in Tomato Sauce 4x420g,£1.60,£0.95/kg,,,False,,False,,2,False,https://www.tesco.com/groceries/en-GB/products/314430917,https://digitalcontent.api.tesco.com/v2/media/ghs/bccdc1e0-c664-4b9f-816e-3f123fd7f82d/f8102895-ffab-478b-a297-062f2376b07f.jpeg?h=225&w=225,Food Cupboard,"Tins, Cans & Packets"
252888323,Tesco Italian Chopped Tomatoes 4 X 400G,£1.80,£1.12/kg,,,False,,False,4.1,11,False,https://www.tesco.com/groceries/en-GB/products/252888323,https://digitalcontent.api.tesco.com/v2/media/ghs/6f0126bb-3fec-4473-a91d-64128f454309/3ae5aa69-ebc5-4215-979e-638a79658ae9.jpeg?h=225&w=225,Food Cupboard,"Tins, Cans & Packets"
301373057,Nissin Cup Noodles Instant Ramen Pot Japanese Seafood 75g,£1.80,£24.00/kg,,,False,,False,,70,True,https://www.tesco.com/groceries/en-GB/products/301373057,https://digitalcontent.api.tesco.com/v2/media/ghs/c887e0c6-5035-4f3f-a17e-10e720a2aa25/db3626c4-f679-4d00-89e0-879be20e1cd7_537641594.jpeg?h=225&w=225,Food Cupboard,Instant Noodles & Easy Meals
297172750,Nissin Cup Noodles Soba Wok Style Yakitori Chicken 89g,£1.75,£19.66/kg,,,False,,False,4.9,41,True,https://www.tesco.com/groceries/en-GB/products/297172750,https://digitalcontent.api.tesco.com/v2/media/ghs/27865bdb-edef-42f0-8b3a-10cdb0f934aa/de2a31ee-5186-41d1-8087-da4af62a0964_1055912458.jpeg?h=225&w=225,Food Cupboard,Instant Noodles & Easy Meals
303646008,Nissin Cup Noodles Soba Wok Style Instant Noodles - Peking Duck 87g,£1.75,£20.12/kg,,,False,,False,4.7,43,True,https://www.tesco.com/groceries/en-GB/products/303646008,https://digitalcontent.api.tesco.com/v2/media/ghs/208afa97-687d-449f-a109-2aa7f1016e98/86d433cb-d445-4322-b92e-e7fe18a83325_1615496669.jpeg?h=225&w=225,Food Cupboard,Instant Noodles & Easy Meals
266584914,Mug Shot Pasta - Roast Chicken 55g,£1.00,£18.18/kg,50p Half Price Clubcard Price,(£9.09/kg),True,Offer valid for delivery from 17/04/2025 until 13/05/2025,False,4.3,58,False,https://www.tesco.com/groceries/en-GB/products/266584914,https://digitalcontent.api.tesco.com/v2/media/ghs/031fbcd7-075f-47f5-bbe0-8ecafe11eb43/08e118e7-b996-43fe-bb56-904d2284adaa_250569508.jpeg?h=225&w=225,Food Cupboard,Instant Noodles & Easy Meals
260187806,Pot Noodle Chicken & Mushroom Instant Noodles Multipack 4x90g,£4.20,£11.67/kg,,,False,,False,4.3,251,False,https://www.tesco.com/groceries/en-GB/products/260187806,https://digitalcontent.api.tesco.com/v2/media/ghs/117b6e85-7f3b-4d49-983e-566a9299098d/7939c6c1-2a5d-4017-b97a-de38b0c62df8_231084064.jpeg?h=225&w=225,Food Cupboard,Instant Noodles & Easy Meals
260188876,Pot Noodle Chicken & Mushroom Instant Noodles 90g,£1.10,£12.22/kg,70p Clubcard Price,(£7.78/kg),True,Offer valid for delivery from 16/04/2025 until 13/05/2025,False,4.3,253,False,https://www.tesco.com/groceries/en-GB/products/260188876,https://digitalcontent.api.tesco.com/v2/media/ghs/bd3ff191-5f0b-42b1-8d43-ed3e516b1562/674a8178-ca1d-4ba9-9cd4-bac38f28d6fd_896174319.jpeg?h=225&w=225,Food Cupboard,Instant Noodles & Easy Meals
268597222,Knorr Super Chicken Noodle Dry Soup 51G,£1.25,£2.45/100g,,,False,,False,4.3,57,False,https://www.tesco.com/groceries/en-GB/products/268597222,https://digitalcontent.api.tesco.com/v2/media/ghs/6fdf4a4d-3f89-4fe8-bf52-f04a1f779e79/2ceddf8d-3a43-4ca3-a936-1af0e501e03f_838766447.jpeg?h=225&w=225,Food Cupboard,Instant Noodles & Easy Meals
284478339,Heinz Cream Of Tomato Cup Soup 4 Pack 88G,£1.50,£1.70/100g,,,False,,False,4.4,61,False,https://www.tesco.com/groceries/en-GB/products/284478339,https://digitalcontent.api.tesco.com/v2/media/ghs/b4e089c0-3d85-4a03-a8d7-7265bf614af4/df9f70dc-2da5-40e0-9259-b97eb4a84462_1314769176.jpeg?h=225&w=225,Food Cupboard,Instant Noodles & Easy Meals
306956161,Batchelors Big Super Noodles Chicken Flavoured 100G,£1.25,£12.50/kg,,,False,,False,3.7,47,False,https://www.tesco.com/groceries/en-GB/products/306956161,https://digitalcontent.api.tesco.com/v2/media/ghs/e06381be-db26-46a7-bf9f-6aec31b114fd/baf05240-91c5-4bad-a89c-21a922fcc9a4_318086009.jpeg?h=225&w=225,Food Cupboard,Instant Noodles & Easy Meals
276827043,Nissin Demae Ramen Noodles - Spicy 100g,£0.75,£7.50/kg,,,False,,False,4.5,12,False,https://www.tesco.com/groceries/en-GB/products/276827043,https://digitalcontent.api.tesco.com/v2/media/ghs/befe79a8-5206-4fe2-ace9-7f617bdd845c/7ee0648a-8fb0-4d40-bd27-ee318b6c2a4e_1199536448.jpeg?h=225&w=225,Food Cupboard,Instant Noodles & Easy Meals
256768198,Batchelors Cup A Soup Creamy Potato & Leek 4 Pack 107G,£1.65,£1.54/100g,,,False,,False,,59,False,https://www.tesco.com/groceries/en-GB/products/256768198,https://digitalcontent.api.tesco.com/v2/media/ghs/84afbe05-0a2c-4998-8757-f507af4f4c11/3ac21005-5f42-400e-b44c-70f2813c809f_496839339.jpeg?h=225&w=225,Food Cupboard,Instant Noodles & Easy Meals
276826574,Nissin Demae Ramen Chicken Noodles 100G,£0.75,£7.50/kg,,,False,,False,4.3,11,False,https://www.tesco.com/groceries/en-GB/products/276826574,https://digitalcontent.api.tesco.com/v2/media/ghs/92760558-3a7a-4518-91b7-aeee51e59c94/095f1107-3d49-4e6a-bd01-607c7ade7c5e_646360511.jpeg?h=225&w=225,Food Cupboard,Instant Noodles & Easy Meals
270974142,Batchelors Cup A Soup Chicken 4 Pack 81G,£1.65,£2.04/100g,,,False,,False,4.2,47,False,https://www.tesco.com/groceries/en-GB/products/270974142,https://digitalcontent.api.tesco.com/v2/media/ghs/42067029-64c8-47a1-82fb-96d70569d7eb/a0224c8b-78da-4490-a690-38156a595781_78377714.jpeg?h=225&w=225,Food Cupboard,Instant Noodles & Easy Meals
310135127,Tesco Bbq Beef Flavour Instant Noodles 85G,£0.50,£5.88/kg,,,False,,False,1.9,37,False,https://www.tesco.com/groceries/en-GB/products/310135127,https://digitalcontent.api.tesco.com/v2/media/ghs/24429ce8-9a95-4136-af62-c280dd52dbfd/ca72daa0-3aa8-4e3a-b1a1-8bc17480b93a_1625879313.jpeg?h=225&w=225,Food Cupboard,Instant Noodles & Easy Meals
310164493,Tesco Southern Fried Chicken Flavour Instant Noodles 85G,£0.50,£5.88/kg,,,False,,False,,52,False,https://www.tesco.com/groceries/en-GB/products/310164493,https://digitalcontent.api.tesco.com/v2/media/ghs/256c7241-0f31-4629-9f25-81fadd9181e6/dfbdc759-c84e-4c68-b300-75e56c4eb811_1990853144.jpeg?h=225&w=225,Food Cupboard,Instant Noodles & Easy Meals
270978898,Batchelors Cup A Soup Tomato 4 Pack 93G,£1.65,£1.77/100g,,,False,,False,4.5,42,False,https://www.tesco.com/groceries/en-GB/products/270978898,https://digitalcontent.api.tesco.com/v2/media/ghs/a5dbb0c4-f02c-4df8-9c47-30e0472beebd/76b37ad2-4203-4caa-8956-6507d70098cb_675947231.jpeg?h=225&w=225,Food Cupboard,Instant Noodles & Easy Meals
254205064,Batchelors Cup A Soup Cream Of Mushroom Croutons 4 Pack 99G,£1.65,£1.67/100g,,,False,,False,4.3,45,False,https://www.tesco.com/groceries/en-GB/products/254205064,https://digitalcontent.api.tesco.com/v2/media/ghs/a626bf76-3f9a-425c-9c69-1449951fea60/ba5f2d87-76f4-475b-a063-ddf1d9c3ed89_1727316034.jpeg?h=225&w=225,Food Cupboard,Instant Noodles & Easy Meals
254210351,Batchelors Cup A Soup Cream Of Vegetable Croutons 4 Pack 122G,£1.65,£1.35/100g,,,False,,False,4.1,58,False,https://www.tesco.com/groceries/en-GB/products/254210351,https://digitalcontent.api.tesco.com/v2/media/ghs/5bf00ee0-85ff-45b5-a8d0-22e82082e318/7ece1419-d22b-45d5-aec1-38b33cd5c18f_1638330898.jpeg?h=225&w=225,Food Cupboard,Instant Noodles & Easy Meals
254202948,Batchelors Cup A Soup Cream Of Asparagus Croutons 4 Pack 117G,£1.65,£1.41/100g,,,False,,False,4.3,55,False,https://www.tesco.com/groceries/en-GB/products/254202948,https://digitalcontent.api.tesco.com/v2/media/ghs/bf5e114e-e15d-4c87-9d12-620bbb9fc29b/ffe94a1e-3b4d-403d-a825-3370c45f1db9_2075039934.jpeg?h=225&w=225,Food Cupboard,Instant Noodles & Easy Meals
254202983,Batchelors Cup A Soup Chicken Noodle 4 Pack 94G,£1.65,£1.76/100g,,,False,,False,3.6,33,False,https://www.tesco.com/groceries/en-GB/products/254202983,https://digitalcontent.api.tesco.com/v2/media/ghs/09a6c420-8ee1-4567-8845-1dd5d92c6c89/d44b5ea2-f655-4dd1-9895-ddb99db01135_701422271.jpeg?h=225&w=225,Food Cupboard,Instant Noodles & Easy Meals
270978823,Batchelors Cup A Soup Golden Vegetable 4 Pack 82G,£1.65,£2.01/100g,,,False,,False,4.7,39,False,https://www.tesco.com/groceries/en-GB/products/270978823,https://digitalcontent.api.tesco.com/v2/media/ghs/65144ff3-980b-4be0-95c7-b63271201936/619b386b-40bc-4ec0-8078-ffdc70d4f508_704550736.jpeg?h=225&w=225,Food Cupboard,Instant Noodles & Easy Meals
260135097,Pot Noodle Chicken & Mushroom Instant Noodles King Pot 114g,£1.35,£11.84/kg,,,False,,False,4.3,254,False,https://www.tesco.com/groceries/en-GB/products/260135097,https://digitalcontent.api.tesco.com/v2/media/ghs/efe0fcc4-d757-4f56-b4c1-1d1c45f6a8e6/6ef98fe2-85ff-4e2f-9b6c-c91fd6f46c5e_331317735.jpeg?h=225&w=225,Food Cupboard,Instant Noodles & Easy Meals
260182796,Pot Noodle Original Curry Instant Noodles King Pot 114g,£1.35,£11.84/kg,,,False,,False,3.8,50,False,https://www.tesco.com/groceries/en-GB/products/260182796,https://digitalcontent.api.tesco.com/v2/media/ghs/abb9140f-30d3-45ac-9975-2725ba92d24f/ba6afe29-fe83-4d8f-ba14-5bf54a0be721_1174802314.jpeg?h=225&w=225,Food Cupboard,Instant Noodles & Easy Meals
260188598,Pot Noodle Bombay Bad Boy Instant Noodles King Pot 114g,£1.35,£11.84/kg,,,False,,False,4.5,56,False,https://www.tesco.com/groceries/en-GB/products/260188598,https://digitalcontent.api.tesco.com/v2/media/ghs/bbd4fbf9-8a62-48ad-9a5d-6229911f2d4f/006c2bd6-ac1e-400c-8cd2-01e860dce2fc_59161067.jpeg?h=225&w=225,Food Cupboard,Instant Noodles & Easy Meals
262562476,Pot Noodle Beef & Tomato Instant Noodles King Pot 114g,£1.35,£11.84/kg,,,False,,False,3.9,286,False,https://www.tesco.com/groceries/en-GB/products/262562476,https://digitalcontent.api.tesco.com/v2/media/ghs/f5096afb-f0e3-428d-a2c5-e23cbd4e3a27/8c64b3ae-fe01-42d7-abf8-9ebda464af86_35334189.jpeg?h=225&w=225,Food Cupboard,Instant Noodles & Easy Meals
254462173,Koka Instant Noodles Chicken Flavour 85G,£0.45,£5.29/kg,,,False,,False,4.6,20,False,https://www.tesco.com/groceries/en-GB/products/254462173,https://digitalcontent.api.tesco.com/v2/media/ghs/b41911e7-2d90-4f37-8531-dfc9cdf5c6e5/ccb18eed-9a54-4fbf-a52d-0a11b906c021_668910178.jpeg?h=225&w=225,Food Cupboard,Instant Noodles & Easy Meals
293396917,Pot Noodle Sticky Rib Instant Noodles King Pot 114g,£1.35,£11.84/kg,,,False,,False,4.1,104,False,https://www.tesco.com/groceries/en-GB/products/293396917,https://digitalcontent.api.tesco.com/v2/media/ghs/bcbf1092-9201-4226-85b1-1dd46317ea62/badd679d-db27-4136-84ac-f6d3093a7ac5_87662908.jpeg?h=225&w=225,Food Cupboard,Instant Noodles & Easy Meals
303671761,Batchelors Super Rice Golden Quick Cook 90G,£1.00,£11.11/kg,,,False,,False,4.5,44,False,https://www.tesco.com/groceries/en-GB/products/303671761,https://digitalcontent.api.tesco.com/v2/media/ghs/bddca453-7860-41e9-bf9e-34a33d31362c/6db2f0bf-7107-4db4-aa34-09b6455e08e8_1380699831.jpeg?h=225&w=225,Food Cupboard,Instant Noodles & Easy Meals
260183154,Pot Noodle Sweet & Sour Instant Noodles 90g,£1.10,£12.22/kg,70p Clubcard Price,(£7.78/kg),True,Offer valid for delivery from 16/04/2025 until 13/05/2025,False,4.4,40,False,https://www.tesco.com/groceries/en-GB/products/260183154,https://digitalcontent.api.tesco.com/v2/media/ghs/0927d12e-ce32-4cfb-a06a-79eeb7815624/38ccc52a-80c2-41cd-8efc-0183c868611b_419579227.jpeg?h=225&w=225,Food Cupboard,Instant Noodles & Easy Meals
260187386,Pot Noodle Original Curry Instant Noodles 90g,£1.10,£12.22/kg,70p Clubcard Price,(£7.78/kg),True,Offer valid for delivery from 16/04/2025 until 13/05/2025,False,4.3,196,False,https://www.tesco.com/groceries/en-GB/products/260187386,https://digitalcontent.api.tesco.com/v2/media/ghs/35f44f8e-9d98-4c86-882f-2934bfcee67a/dff7327b-5fe0-46ba-9f79-18046be52f45_1998247250.jpeg?h=225&w=225,Food Cupboard,Instant Noodles & Easy Meals
260187553,Pot Noodle Beef & Tomato Instant Noodles 90g,£1.10,£12.22/kg,70p Clubcard Price,(£7.78/kg),True,Offer valid for delivery from 16/04/2025 until 13/05/2025,False,,285,False,https://www.tesco.com/groceries/en-GB/products/260187553,https://digitalcontent.api.tesco.com/v2/media/ghs/12e47ecf-2c9a-4969-95c9-8ea738b37355/2b955786-6fdf-4296-87c5-5c6264678710_999369894.jpeg?h=225&w=225,Food Cupboard,Instant Noodles & Easy Meals
260188496,Pot Noodle Bombay Bad Boy Instant Noodles 90g,£1.10,£12.22/kg,70p Clubcard Price,(£7.78/kg),True,Offer valid for delivery from 16/04/2025 until 13/05/2025,False,,49,False,https://www.tesco.com/groceries/en-GB/products/260188496,https://digitalcontent.api.tesco.com/v2/media/ghs/5d896eac-ef35-4a4e-84b0-96b6ed9873f5/10ef0bc6-d893-40e5-9550-4f766c118ee7_1995742290.jpeg?h=225&w=225,Food Cupboard,Instant Noodles & Easy Meals
285617629,Nissin Soba Classic Instant Noodles 90G,£1.75,£19.44/kg,,,False,,False,4.4,56,False,https://www.tesco.com/groceries/en-GB/products/285617629,https://digitalcontent.api.tesco.com/v2/media/ghs/ff60b091-daf5-4190-8782-2bbd215b04de/21be5ac0-7152-4d35-95e1-ca8e189ceedf_1688375588.jpeg?h=225&w=225,Food Cupboard,Instant Noodles & Easy Meals
286213028,Nissin Soba Chilli Instant Noodles 92G,£1.75,£19.02/kg,,,False,,False,4.8,47,False,https://www.tesco.com/groceries/en-GB/products/286213028,https://digitalcontent.api.tesco.com/v2/media/ghs/e5796390-9c32-4227-8cd0-76c74cf7a74b/ba08bf11-b78d-4322-b1f4-da53b12b5ba3_74672677.jpeg?h=225&w=225,Food Cupboard,Instant Noodles & Easy Meals
315052675,Naked Spicy Thai style Sriracha 78G,£1.25,£16.03/kg DR.WT,85p Clubcard Price,(£10.90/kg DR.WT),True,Offer valid for delivery from 08/04/2025 until 08/06/2025,False,3.2,12,False,https://www.tesco.com/groceries/en-GB/products/315052675,https://digitalcontent.api.tesco.com/v2/media/ghs/23f57d5f-2f5a-41b9-bea5-ea07ed4cad8a/49281d6a-1bc4-44fc-b44e-1d8c4d34abde_468972388.jpeg?h=225&w=225,Food Cupboard,Instant Noodles & Easy Meals
254462378,Koka Instant Noodles Curry Flavour 85G,£0.45,£5.29/kg,,,False,,False,4.6,18,False,https://www.tesco.com/groceries/en-GB/products/254462378,https://digitalcontent.api.tesco.com/v2/media/ghs/c888b53a-f4c3-4de8-a325-9dc0ec15340f/510fd368-f3e0-4a7d-b15d-a73d7b5d51c6_902167808.jpeg?h=225&w=225,Food Cupboard,Instant Noodles & Easy Meals
254104166,Tesco Cheese & Broccoli Pasta 120g,£0.65,£5.42/kg,,,False,,False,3.9,33,False,https://www.tesco.com/groceries/en-GB/products/254104166,https://digitalcontent.api.tesco.com/v2/media/ghs/552cc5b0-45ee-4eef-89f0-5c341f8b8f69/2124dadd-1f0d-4284-83e9-8526e7603e41_1926146594.jpeg?h=225&w=225,Food Cupboard,Instant Noodles & Easy Meals
310168264,Hearty Food Co. Curry Flavour Instant Noodles 100G,£0.35,£3.50/kg,,,False,,False,3.9,95,False,https://www.tesco.com/groceries/en-GB/products/310168264,https://digitalcontent.api.tesco.com/v2/media/ghs/11e0cbe3-180d-44cc-8f1e-236505610bc4/cd1bd147-caab-4231-9b52-918503cd96e1_1817142241.jpeg?h=225&w=225,Food Cupboard,Instant Noodles & Easy Meals
310094903,Hearty Food Co. Chicken Flavour Instant Noodles 100G,£0.35,£3.50/kg,,,False,,False,2.7,110,False,https://www.tesco.com/groceries/en-GB/products/310094903,https://digitalcontent.api.tesco.com/v2/media/ghs/00f8db15-bf1c-486f-b2d9-2031622408c5/0225ebe4-7804-417d-929d-6877dbb251a7_2074146248.jpeg?h=225&w=225,Food Cupboard,Instant Noodles & Easy Meals
303671628,Batchelors Pasta 'n' Sauce - Cheese & Broccoli 99g,£1.00,£10.10/kg,,,False,,False,4.1,60,False,https://www.tesco.com/groceries/en-GB/products/303671628,https://digitalcontent.api.tesco.com/v2/media/ghs/59aa6c39-2143-4da1-8875-b661e0f65177/d85a90df-f96e-430d-9fd4-a6770744fef4_302778360.jpeg?h=225&w=225,Food Cupboard,Instant Noodles & Easy Meals
303670946,Batchelors Pasta & Sauce Chicken & Mushroom Quick Cook 99G,£1.00,£10.10/kg,,,False,,False,3.9,47,False,https://www.tesco.com/groceries/en-GB/products/303670946,https://digitalcontent.api.tesco.com/v2/media/ghs/2ebe6676-0772-45d8-8d4d-aacb86750a0f/043c9c6e-0613-4e7e-9b14-cdf176a5cfc0_686153748.jpeg?h=225&w=225,Food Cupboard,Instant Noodles & Easy Meals
295870612,Batchelors Super Noodle Pots Chicken 75G,£1.00,£13.33/kg,,,False,,False,3.8,58,False,https://www.tesco.com/groceries/en-GB/products/295870612,https://digitalcontent.api.tesco.com/v2/media/ghs/2b971bd8-9f39-4c3f-8c9e-0b82b88372a8/f044114d-5eaa-4da6-a7c1-4d0ef2ff703f_54238327.jpeg?h=225&w=225,Food Cupboard,Instant Noodles & Easy Meals
295870635,Batchelors Super Noodles Pot Bbq Beef 75G,£1.00,£13.33/kg,,,False,,False,3.8,53,False,https://www.tesco.com/groceries/en-GB/products/295870635,https://digitalcontent.api.tesco.com/v2/media/ghs/e0077a21-af1d-4c2b-9802-bd3c44843654/beb68766-8f22-497a-a06b-654592f01a63_1609138810.jpeg?h=225&w=225,Food Cupboard,Instant Noodles & Easy Meals
303671640,Batchelors Pasta & Sauce Cheese Leek Ham Quick Cook 99G,£1.00,£10.10/kg,,,False,,False,4.5,43,False,https://www.tesco.com/groceries/en-GB/products/303671640,https://digitalcontent.api.tesco.com/v2/media/ghs/30a90758-c94d-48d7-a86f-471937e0b49b/184ec962-759b-4353-b13d-3b6f71b813ac_667184254.jpeg?h=225&w=225,Food Cupboard,Instant Noodles & Easy Meals
303671703,Batchelors Pasta 'n' Sauce Mac 'n' Cheese 99g,£1.00,£10.10/kg,,,False,,False,4.2,40,False,https://www.tesco.com/groceries/en-GB/products/303671703,https://digitalcontent.api.tesco.com/v2/media/ghs/8c04ad44-248a-4187-bae0-6d72c15d357a/0ef964b3-81cb-411e-9240-4741734c117f_1156634683.jpeg?h=225&w=225,Food Cupboard,Instant Noodles & Easy Meals
303671726,Batchelors Super Noodles Chicken 90G,£1.00,£11.11/kg,,,False,,False,3.9,64,False,https://www.tesco.com/groceries/en-GB/products/303671726,https://digitalcontent.api.tesco.com/v2/media/ghs/83dbfa3b-a017-4f7f-885a-3e967d4c9be0/31b3aea5-95ab-4a62-b149-7bf30075b391_544578696.jpeg?h=225&w=225,Food Cupboard,Instant Noodles & Easy Meals
303646164,Batchelors Super Noodles Bbq Beef 90G,£1.00,£11.11/kg,,,False,,False,4.1,63,False,https://www.tesco.com/groceries/en-GB/products/303646164,https://digitalcontent.api.tesco.com/v2/media/ghs/85b3e0d5-9483-41a8-ba4f-9ec5ba828078/a78afe17-9edf-4d81-9146-a5e042b89c9c_256854587.jpeg?h=225&w=225,Food Cupboard,Instant Noodles & Easy Meals
303671749,Batchelors Super Noodles Mild Curry 90G,£1.00,£11.11/kg,,,False,,False,4.1,74,False,https://www.tesco.com/groceries/en-GB/products/303671749,https://digitalcontent.api.tesco.com/v2/media/ghs/065de194-620a-4d44-b41d-4cecd7877851/347c252b-56f0-4c00-9854-e43ffdd2de4b_1203947489.jpeg?h=225&w=225,Food Cupboard,Instant Noodles & Easy Meals
300455982,Hearty Food Co Golden Savoury Rice 120G,£0.28,£2.33/kg,,,False,,False,4.7,47,False,https://www.tesco.com/groceries/en-GB/products/300455982,https://digitalcontent.api.tesco.com/v2/media/ghs/29be181c-bf3a-43e9-85af-c40ce7dae1d5/9d270db5-414d-49ee-b59a-d2724bbcab57_707547377.jpeg?h=225&w=225,Food Cupboard,Instant Noodles & Easy Meals
306954128,Smash The Original Instant Mash Potato 360G,£3.90,£10.83/kg,,,False,,False,3.6,12,False,https://www.tesco.com/groceries/en-GB/products/306954128,https://digitalcontent.api.tesco.com/v2/media/ghs/96f6a61b-e3ad-410e-980a-292fd6120953/5795f786-9946-4feb-a04f-f2d313117637_1007165997.jpeg?h=225&w=225,Food Cupboard,Instant Noodles & Easy Meals
251171838,Mugshot Tomato & Herb Pasta 64G,£1.00,£15.62/kg,50p Half Price Clubcard Price,(£7.81/kg),True,Offer valid for delivery from 17/04/2025 until 13/05/2025,False,4.2,78,False,https://www.tesco.com/groceries/en-GB/products/251171838,https://digitalcontent.api.tesco.com/v2/media/ghs/89fdcaf9-b8fa-40e1-9105-98858123aa36/af873b64-721b-4b9a-8e46-fc6adf851207_1616645239.jpeg?h=225&w=225,Food Cupboard,Instant Noodles & Easy Meals
253426005,Mugshot Chicken & Sweetcorn Noodles 54G,£1.00,£18.52/kg,50p Half Price Clubcard Price,(£9.26/kg),True,Offer valid for delivery from 17/04/2025 until 13/05/2025,False,,67,False,https://www.tesco.com/groceries/en-GB/products/253426005,https://digitalcontent.api.tesco.com/v2/media/ghs/e77916ce-197b-49bf-84bd-3c200a663ec9/96f33b59-39e0-4795-b2f4-72c9fa439538_1218507348.jpeg?h=225&w=225,Food Cupboard,Instant Noodles & Easy Meals
253440258,Mugshot Sweet & Sour Noodles 67G,£1.00,£14.92/kg,50p Half Price Clubcard Price,(£7.46/kg),True,Offer valid for delivery from 17/04/2025 until 13/05/2025,False,,84,False,https://www.tesco.com/groceries/en-GB/products/253440258,https://digitalcontent.api.tesco.com/v2/media/ghs/5168e340-e850-452a-a50b-701e80afd5e5/786f2887-d0c1-4231-81cf-3d39e4f8cc2a_1538649561.jpeg?h=225&w=225,Food Cupboard,Instant Noodles & Easy Meals
251171815,Mug Shot Creamy Cheese Pasta 68g,£1.00,£14.71/kg,50p Half Price Clubcard Price,(£7.35/kg),True,Offer valid for delivery from 17/04/2025 until 13/05/2025,False,4.2,74,False,https://www.tesco.com/groceries/en-GB/products/251171815,https://digitalcontent.api.tesco.com/v2/media/ghs/aba7dcd4-1589-43a8-a384-eb0cb0914c95/cacb6a2e-2a5f-4fdf-b78a-3461fe77dbb3_1299779461.jpeg?h=225&w=225,Food Cupboard,Instant Noodles & Easy Meals
284718615,Mug Shot Cheesy Mac & Cheese Pasta 68g,£1.00,£14.71/kg,50p Half Price Clubcard Price,(£7.35/kg),True,Offer valid for delivery from 17/04/2025 until 13/05/2025,False,,82,False,https://www.tesco.com/groceries/en-GB/products/284718615,https://digitalcontent.api.tesco.com/v2/media/ghs/e26981f0-f7e5-4b4c-b5f9-99f7fc9249ba/3057b929-4c2e-495e-b8fd-864f53b60362_732276267.jpeg?h=225&w=225,Food Cupboard,Instant Noodles & Easy Meals
268597216,Knorr Thick Vegetable Dry Soup 75G,£1.25,£1.67/100g,,,False,,False,3.6,40,False,https://www.tesco.com/groceries/en-GB/products/268597216,https://digitalcontent.api.tesco.com/v2/media/ghs/c8e08b17-c1ea-41e5-8f4e-630f6c5dc19f/ada69a91-eb9c-4d99-948f-09d9ebe6b901_1120123526.jpeg?h=225&w=225,Food Cupboard,Instant Noodles & Easy Meals
284478495,Heinz Cream Of Chicken Cup Soup 4 Pack 68G,£1.50,£2.21/100g,,,False,,False,4.2,42,False,https://www.tesco.com/groceries/en-GB/products/284478495,https://digitalcontent.api.tesco.com/v2/media/ghs/a4c950a9-cc84-4ea7-8e12-c1a08d4ddd58/11938071-e988-423b-b3b2-e6fbd7372d8c_299629454.jpeg?h=225&w=225,Food Cupboard,Instant Noodles & Easy Meals
306504201,Nissin Wok Style Soba Noodles - Chili 111g,£1.20,£10.81/kg,£1.00 Clubcard Price,(£9.01/kg),True,Offer valid for delivery from 16/04/2025 until 13/05/2025,False,4.6,46,False,https://www.tesco.com/groceries/en-GB/products/306504201,https://digitalcontent.api.tesco.com/v2/media/ghs/2a10b6ef-f914-4eb1-a801-449fcf5f1eff/d646a96c-bb72-4672-8444-5c62f78319d1_406178306.jpeg?h=225&w=225,Food Cupboard,Instant Noodles & Easy Meals
287966483,Heinz Tomato & Basil Cup Soup 4 Pack 88G,£1.50,£1.70/100g,,,False,,False,,21,False,https://www.tesco.com/groceries/en-GB/products/287966483,https://digitalcontent.api.tesco.com/v2/media/ghs/3e2c6bf8-8406-447d-ac09-dcc49ec12d9d/1db24d8c-5d09-420a-9228-a8ac228b4bdf_1510188583.jpeg?h=225&w=225,Food Cupboard,Instant Noodles & Easy Meals
306955818,Nissin Wok Style Soba Noodles Classic 109G,£1.20,£11.01/kg,£1.00 Clubcard Price,(£9.17/kg),True,Offer valid for delivery from 16/04/2025 until 13/05/2025,False,4.7,41,False,https://www.tesco.com/groceries/en-GB/products/306955818,https://digitalcontent.api.tesco.com/v2/media/ghs/c1d128ca-bf55-4971-9d83-39af0e377274/e4e2bd2b-c53d-423d-91ec-1cd7b51ca46d_713889597.jpeg?h=225&w=225,Food Cupboard,Instant Noodles & Easy Meals
293104602,Mug Shot Cajun Pasta 60G,£1.00,£16.67/kg,50p Half Price Clubcard Price,(£8.33/kg),True,Offer valid for delivery from 17/04/2025 until 13/05/2025,False,4.2,5,False,https://www.tesco.com/groceries/en-GB/products/293104602,https://digitalcontent.api.tesco.com/v2/media/ghs/9032a8f6-0b98-473e-bbb7-10f166638706/b6f59fb5-7c40-4c5c-bd99-972b91481bf0_522828972.jpeg?h=225&w=225,Food Cupboard,Instant Noodles & Easy Meals
254203210,Batchelors Cup A Soup Chicken & Vegetable Croutons 4 Pack 110G,£1.65,£1.50/100g,,,False,,False,3.9,44,False,https://www.tesco.com/groceries/en-GB/products/254203210,https://digitalcontent.api.tesco.com/v2/media/ghs/2d599cc8-ab45-4b28-b48c-bb1c16b0475e/3c0f26d2-9b27-4298-837e-ab9524893c79_924921846.jpeg?h=225&w=225,Food Cupboard,Instant Noodles & Easy Meals
270996277,Batchelors Cup A Soup Chicken & Leek 4 Pack 86G,£1.65,£1.92/100g,,,False,,False,4.5,40,False,https://www.tesco.com/groceries/en-GB/products/270996277,https://digitalcontent.api.tesco.com/v2/media/ghs/859c2a25-bb15-49e9-96ca-bab6c3b3154f/f359b65c-8e91-4948-8af0-2cc074c9fa31_1378698833.jpeg?h=225&w=225,Food Cupboard,Instant Noodles & Easy Meals
254204301,Batchelors Cup A Soup Minestrone 4 Pack 94G,£1.65,£1.76/100g,,,False,,False,4.1,54,False,https://www.tesco.com/groceries/en-GB/products/254204301,https://digitalcontent.api.tesco.com/v2/media/ghs/e26c8ea3-c68c-491b-9d31-666ae7140063/db39059f-339d-4eb0-978e-369549901a6e_635950665.jpeg?h=225&w=225,Food Cupboard,Instant Noodles & Easy Meals
310118693,Batchelors Cup A Soup Broccoli & Cauliflower 4 Sachets 101G,£1.65,£1.63/100g,,,False,,False,4.5,45,False,https://www.tesco.com/groceries/en-GB/products/310118693,https://digitalcontent.api.tesco.com/v2/media/ghs/b0ce7ed3-67ff-44d7-a1b3-7fa992fe0a3f/8a21665c-6e34-4f01-8bc8-1f354576d99a_1575298586.jpeg?h=225&w=225,Food Cupboard,Instant Noodles & Easy Meals
270978973,Batchelors Cup A Soup Beef & Tomato 4 Pack 88G,£1.65,£1.88/100g,,,False,,False,4.1,53,False,https://www.tesco.com/groceries/en-GB/products/270978973,https://digitalcontent.api.tesco.com/v2/media/ghs/ddb6e128-9d9d-4b4e-9b86-6a4d6369b8fa/15b8c07f-5964-4d1b-b680-6ca0f5d8f178_1358114089.jpeg?h=225&w=225,Food Cupboard,Instant Noodles & Easy Meals
254213682,Batchelors Slim a Soup Minestrone with Croutons 4 Sachets 61g,£1.65,£2.70/100g,,,False,,False,4.6,36,False,https://www.tesco.com/groceries/en-GB/products/254213682,https://digitalcontent.api.tesco.com/v2/media/ghs/84d80811-15e3-43c7-b25e-620aaf3f6b49/7aeacbf4-7afa-40d7-967f-7119be572f87_909701525.jpeg?h=225&w=225,Food Cupboard,Instant Noodles & Easy Meals
309466062,Pot Noodle Piri Piri Chicken Instant Noodles 90g,£1.10,£12.22/kg,70p Clubcard Price,(£7.78/kg),True,Offer valid for delivery from 16/04/2025 until 13/05/2025,False,4.3,39,False,https://www.tesco.com/groceries/en-GB/products/309466062,https://digitalcontent.api.tesco.com/v2/media/ghs/15ec038e-fd12-4068-b86d-9f0be0d0af54/aef60030-fb16-4e39-a6e5-7739feaa94d1_1751432937.jpeg?h=225&w=225,Food Cupboard,Instant Noodles & Easy Meals
312107173,Pot Noodle Lost the Pot Champion Chicken Instant Noodles 85g,£0.50,£5.88/kg,,,False,,False,4.2,44,False,https://www.tesco.com/groceries/en-GB/products/312107173,https://digitalcontent.api.tesco.com/v2/media/ghs/3e895c62-1a2a-4681-a30b-f1e33cee295e/22d33c36-747f-4910-81d3-3add5a777a4d_549425492.jpeg?h=225&w=225,Food Cupboard,Instant Noodles & Easy Meals
312095830,Pot Noodle Lost the Pot Chip Shop Curry Instant Noodles 85g,£0.50,£5.88/kg,,,False,,False,4.2,36,False,https://www.tesco.com/groceries/en-GB/products/312095830,https://digitalcontent.api.tesco.com/v2/media/ghs/34faf805-06be-4e8f-9233-cb2edcac2706/7a6da76e-8cf5-418f-980d-accb000b29e5_33765957.jpeg?h=225&w=225,Food Cupboard,Instant Noodles & Easy Meals
297172750,Nissin Cup Noodles Soba Wok Style Yakitori Chicken 89g,£1.75,£19.66/kg,,,False,,False,4.9,41,False,https://www.tesco.com/groceries/en-GB/products/297172750,https://digitalcontent.api.tesco.com/v2/media/ghs/27865bdb-edef-42f0-8b3a-10cdb0f934aa/de2a31ee-5186-41d1-8087-da4af62a0964_1055912458.jpeg?h=225&w=225,Food Cupboard,Instant Noodles & Easy Meals
300456566,Tesco Low Fat Chicken Noodle Cup Soup 5 Pack 65G,£0.95,£1.46/100g,,,False,,False,3.3,37,False,https://www.tesco.com/groceries/en-GB/products/300456566,https://digitalcontent.api.tesco.com/v2/media/ghs/dfde689c-5675-491a-a47d-76e49721d2bf/c3c55845-5ea0-4fc1-9021-f35cac401da9_2009316945.jpeg?h=225&w=225,Food Cupboard,Instant Noodles & Easy Meals
285633532,Nissin Soba Teriyaki Instant Noodles 90G,£1.75,£19.44/kg,,,False,,False,4.4,49,False,https://www.tesco.com/groceries/en-GB/products/285633532,https://digitalcontent.api.tesco.com/v2/media/ghs/e9be5261-2eb4-4f3a-b1e5-f5a786add44d/b1ae93c4-c8dc-4df3-bb14-340d77ea9d23_663791755.jpeg?h=225&w=225,Food Cupboard,Instant Noodles & Easy Meals
297132245,Tesco Vegetable Cup Soups With Croutons 5 Pack 115g,£0.95,£0.83/100g,,,False,,False,4.4,98,False,https://www.tesco.com/groceries/en-GB/products/297132245,https://digitalcontent.api.tesco.com/v2/media/ghs/b09fca20-bd2b-4d59-9260-0f14d72272dd/eeabc557-121d-4752-9713-0668c5ba71ce_877053116.jpeg?h=225&w=225,Food Cupboard,Instant Noodles & Easy Meals
306936559,Nissin Wok Style Soba Noodles - Teriyaki 110g,£1.20,£10.91/kg,£1.00 Clubcard Price,(£9.09/kg),True,Offer valid for delivery from 16/04/2025 until 13/05/2025,False,4.8,33,False,https://www.tesco.com/groceries/en-GB/products/306936559,https://digitalcontent.api.tesco.com/v2/media/ghs/c905327e-86e9-4d87-81a3-5ca9f54b9fd6/ce761007-8948-4f36-9784-f37cf65f191a_2060892551.jpeg?h=225&w=225,Food Cupboard,Instant Noodles & Easy Meals
300513804,Itsu Satay Rice Noodles 64g,£1.85,£28.91/kg,,,False,,False,3.6,18,False,https://www.tesco.com/groceries/en-GB/products/300513804,https://digitalcontent.api.tesco.com/v2/media/ghs/9e905292-0837-42c8-b263-3e755322f2d2/64de5ed6-f17f-4a49-a88e-ba843e90ee97_296018295.jpeg?h=225&w=225,Food Cupboard,Instant Noodles & Easy Meals
266376337,Tesco Macaroni Cheese 120G,£0.65,£5.42/kg,,,False,,False,2.9,31,False,https://www.tesco.com/groceries/en-GB/products/266376337,https://digitalcontent.api.tesco.com/v2/media/ghs/3dd0fccd-e85a-4bd4-a559-d30d8c206bcc/501ca4a8-0ad6-4bf5-88f0-a98433fdf75b_1336201432.jpeg?h=225&w=225,Food Cupboard,Instant Noodles & Easy Meals
289538411,Naked Noodle Sweet Chilli Flavour 78G,£1.25,£16.03/kg,85p Clubcard Price,(£10.90/kg),True,Offer valid for delivery from 08/04/2025 until 08/06/2025,False,3.8,91,False,https://www.tesco.com/groceries/en-GB/products/289538411,https://digitalcontent.api.tesco.com/v2/media/ghs/1e6726aa-0cdd-4404-b114-03490a53eaaf/2b652b31-02f1-4870-a1e2-d5fb8fb107ae_932846645.jpeg?h=225&w=225,Food Cupboard,Instant Noodles & Easy Meals
297172796,Naked Thai Style Green Curry Egg Noodles 78g,£1.25,£16.03/kg,85p Clubcard Price,(£10.90/kg),True,Offer valid for delivery from 08/04/2025 until 08/06/2025,False,,63,False,https://www.tesco.com/groceries/en-GB/products/297172796,https://digitalcontent.api.tesco.com/v2/media/ghs/2d0079d8-3197-44e2-a47a-fd80979626e4/c5163ae0-3346-4bf8-94d6-8573bb3f7a51_257479030.jpeg?h=225&w=225,Food Cupboard,Instant Noodles & Easy Meals
300497183,Naked Rice Japanese Chicken Katsu Curry 78G,£1.25,£16.03/kg,85p Clubcard Price,(£10.90/kg),True,Offer valid for delivery from 08/04/2025 until 08/06/2025,False,,77,False,https://www.tesco.com/groceries/en-GB/products/300497183,https://digitalcontent.api.tesco.com/v2/media/ghs/57fd845a-8ef2-4827-b423-c14b199e29d1/cb2305a2-dae7-4007-8c76-4609353d25d0_1152837961.jpeg?h=225&w=225,Food Cupboard,Instant Noodles & Easy Meals
289537873,Naked Noodle Chow Mein 78G,£1.25,£16.03/kg,85p Clubcard Price,(£10.90/kg),True,Offer valid for delivery from 08/04/2025 until 08/06/2025,False,3.5,71,False,https://www.tesco.com/groceries/en-GB/products/289537873,https://digitalcontent.api.tesco.com/v2/media/ghs/daf4b2ba-23b2-4537-adea-d1a582930b0c/3d1d3c41-bd30-4a22-b945-407bbcdc7e55_1952146580.jpeg?h=225&w=225,Food Cupboard,Instant Noodles & Easy Meals
297132182,Tesco Broccoli & Stilton Cup Soups 5 Pack 120g,£0.95,£0.79/100g,,,False,,False,4.3,63,False,https://www.tesco.com/groceries/en-GB/products/297132182,https://digitalcontent.api.tesco.com/v2/media/ghs/cbefb330-128e-406f-be75-bd7a49170b97/edeccc56-e9ec-4a7b-a95b-373a87cbea3c_1923595530.jpeg?h=225&w=225,Food Cupboard,Instant Noodles & Easy Meals
297132320,Tesco Mushroom Cup Soups With Croutons 5 x 26g,£0.95,£0.73/100g,,,False,,False,,54,False,https://www.tesco.com/groceries/en-GB/products/297132320,https://digitalcontent.api.tesco.com/v2/media/ghs/ed082cff-34d7-4e16-ba3a-eb0fb7c32ad0/e9a4852d-d34e-418f-b728-0b18a30d8831_304824422.jpeg?h=225&w=225,Food Cupboard,Instant Noodles & Easy Meals
297132280,Tesco Tomato & Basil Cup Soup with Croutons 5 x 24g (120g),£0.95,£0.79/100g,,,False,,False,4.1,68,False,https://www.tesco.com/groceries/en-GB/products/297132280,https://digitalcontent.api.tesco.com/v2/media/ghs/7a92e07e-fb94-4737-bf7b-b4a62976dbe2/9c0f7792-631e-42c5-8edf-97f3e17f31bd_1931913520.jpeg?h=225&w=225,Food Cupboard,Instant Noodles & Easy Meals
297172491,Batchelors Pasta & Sauce Pot Cheese & Broccoli 65G,£1.00,£15.38/kg,,,False,,False,3.4,71,False,https://www.tesco.com/groceries/en-GB/products/297172491,https://digitalcontent.api.tesco.com/v2/media/ghs/5d40049d-2afd-43b7-9825-4fc99473e555/4d6afa67-764b-431f-8c19-0ab85f221dad_70936144.jpeg?h=225&w=225,Food Cupboard,Instant Noodles & Easy Meals
303671801,Batchelors Super Rice - Beef 90g,£1.00,£11.11/kg,,,False,,False,4.8,35,False,https://www.tesco.com/groceries/en-GB/products/303671801,https://digitalcontent.api.tesco.com/v2/media/ghs/69e16768-2505-4aac-bde2-270917fee87a/b77b013b-37d3-4d89-b92f-069dd4753862_1902054809.jpeg?h=225&w=225,Food Cupboard,Instant Noodles & Easy Meals
306930525,"Batchelors Pasta 'n' Sauce - Tomato, Onion & Herb 99g",£1.00,£10.10/kg,,,False,,False,,38,False,https://www.tesco.com/groceries/en-GB/products/306930525,https://digitalcontent.api.tesco.com/v2/media/ghs/f39a2a2c-b086-4cab-9a80-c0056057ab47/84db268c-6188-4461-8e19-1e2a8496c950_1835494964.jpeg?h=225&w=225,Food Cupboard,Instant Noodles & Easy Meals
284590136,Tesco Tomato Onion & Herb Pasta 120g,£0.65,£5.42/kg,,,False,,False,3.2,31,False,https://www.tesco.com/groceries/en-GB/products/284590136,https://digitalcontent.api.tesco.com/v2/media/ghs/fe7781b9-8cfe-4352-a688-1360a1c46ac9/59edef7d-f065-4860-bd91-94beee153fc5_88038038.jpeg?h=225&w=225,Food Cupboard,Instant Noodles & Easy Meals
295870658,Batchelors Super Noodle Pot Curry 75G,£1.00,£13.33/kg,,,False,,False,4.1,42,False,https://www.tesco.com/groceries/en-GB/products/295870658,https://digitalcontent.api.tesco.com/v2/media/ghs/fd3ef118-1fdd-41bb-9aac-399fd6bc198a/672733a9-f948-4664-a319-5768bd28d5c7_1506272813.jpeg?h=225&w=225,Food Cupboard,Instant Noodles & Easy Meals
300455826,Hearty Food Co Spicy Curry Flavoured Noodles 70G,£0.54,£7.71/kg,,,False,,False,2.4,61,False,https://www.tesco.com/groceries/en-GB/products/300455826,https://digitalcontent.api.tesco.com/v2/media/ghs/752d0756-981d-485f-ab39-18de085626a0/3b4b24a4-a854-4831-87a8-26e0b93a3a3b_1468275276.jpeg?h=225&w=225,Food Cupboard,Instant Noodles & Easy Meals
303671869,Batchelors Low Fat Super Noodles - Chicken & Herb Flavour 81g,£1.00,£12.35/kg,,,False,,False,,42,False,https://www.tesco.com/groceries/en-GB/products/303671869,https://digitalcontent.api.tesco.com/v2/media/ghs/6a3a1928-2596-4729-9cd2-6fcaf9eb1a7b/243e01c7-4a26-44d7-8678-bef866809102_847243504.jpeg?h=225&w=225,Food Cupboard,Instant Noodles & Easy Meals
300455803,Hearty Food Co Chicken & Mushroom Flavoured Noodles 70G,£0.54,£7.71/kg,,,False,,False,1.7,95,False,https://www.tesco.com/groceries/en-GB/products/300455803,https://digitalcontent.api.tesco.com/v2/media/ghs/5b5c43b9-83cd-4b20-8974-5dcde5ba38fd/cf05e2f8-9387-4f37-8e3b-fda5abfa33bd_446342625.jpeg?h=225&w=225,Food Cupboard,Instant Noodles & Easy Meals
303646521,Batchelors Low Fat Super Noodles - Chilli Chicken Flavour 81g,£1.00,£12.35/kg,,,False,,False,4.1,33,False,https://www.tesco.com/groceries/en-GB/products/303646521,https://digitalcontent.api.tesco.com/v2/media/ghs/a1386f95-e8f4-4a28-9d4c-91ac6e744362/76bc42df-d5b2-4a2f-a974-8489d1f309be_114395576.jpeg?h=225&w=225,Food Cupboard,Instant Noodles & Easy Meals
258841951,Tesco Chicken & Mushroom Flavour Pasta 120g,£0.65,£5.42/kg,,,False,,False,4.1,38,False,https://www.tesco.com/groceries/en-GB/products/258841951,https://digitalcontent.api.tesco.com/v2/media/ghs/05f788d1-9e69-4e31-9fb7-6841fb78e62b/8d6de5ff-8b20-4f13-ac10-e460f1b5646c_1228051750.jpeg?h=225&w=225,Food Cupboard,Instant Noodles & Easy Meals
260187524,Pot Noodle Beef & Tomato 4 X 90G,£4.20,£11.67/kg,,,False,,False,4.3,28,False,https://www.tesco.com/groceries/en-GB/products/260187524,https://digitalcontent.api.tesco.com/v2/media/ghs/a764ff9b-7051-4aa0-984d-37c3c6ac5721/5e81256c-1488-43c4-a8d0-c02d3bad987c_1098511875.jpeg?h=225&w=225,Food Cupboard,Instant Noodles & Easy Meals
312850069,Cup Noodles Big Wok Style Soba - Chilli 115g,£1.99,£17.30/kg,,,False,,False,4.9,36,False,https://www.tesco.com/groceries/en-GB/products/312850069,https://digitalcontent.api.tesco.com/v2/media/ghs/6d97385b-de01-4ec3-8558-7a0d24f85b32/802c3715-05d9-4722-bebd-1adcc5646727_133399057.jpeg?h=225&w=225,Food Cupboard,Instant Noodles & Easy Meals
308105964,Tesco Chicken Casserole 300G,£2.60,£8.67/kg,,,False,,False,,47,False,https://www.tesco.com/groceries/en-GB/products/308105964,https://digitalcontent.api.tesco.com/v2/media/ghs/59a4a591-4c32-4e8a-82ba-0521fc04dfdf/bc982974-e0da-462d-bd75-ac81faff07e4_1961121272.jpeg?h=225&w=225,Food Cupboard,Instant Noodles & Easy Meals
308110393,Tesco Chilli Con Carne 300G,£2.60,£8.67/kg,,,False,,False,3.4,29,False,https://www.tesco.com/groceries/en-GB/products/308110393,https://digitalcontent.api.tesco.com/v2/media/ghs/dfdf426b-dc42-4800-8d88-0b911d6e9be9/92b3d9f2-e5c0-4450-8735-69d9273ca536_1203100760.jpeg?h=225&w=225,Food Cupboard,Instant Noodles & Easy Meals
315063633,Itsu Crystal Noodles - Sesame Glaze 77g,£2.15,£27.92/kg,,,False,,False,2.7,16,False,https://www.tesco.com/groceries/en-GB/products/315063633,https://digitalcontent.api.tesco.com/v2/media/ghs/cdc7ecd2-e71f-4d05-baf2-4304df107c8c/566e07ec-425f-445b-a37c-1be40153061e_1830589320.jpeg?h=225&w=225,Food Cupboard,Instant Noodles & Easy Meals
301064423,Itsu Miso'easy Traditional Miso 5X21g,£2.00,£1.90/100g,,,False,,False,4.4,13,False,https://www.tesco.com/groceries/en-GB/products/301064423,https://digitalcontent.api.tesco.com/v2/media/ghs/57dc2b24-5a1f-4421-9914-0020ed408bee/1deeb514-63fd-4f86-be32-6f573830bec1_940141275.jpeg?h=225&w=225,Food Cupboard,Instant Noodles & Easy Meals
301064400,Itsu Miso'easy Chilli Miso 3X20g,£2.00,£3.33/100g,,,False,,False,4.4,5,False,https://www.tesco.com/groceries/en-GB/products/301064400,https://digitalcontent.api.tesco.com/v2/media/ghs/e1a72baf-1dc8-4c42-9ed9-e3e4cd93a0e4/ef6a232d-2159-4f58-9975-e736c8d089ac_1761181543.jpeg?h=225&w=225,Food Cupboard,Instant Noodles & Easy Meals
262331092,John West Light Lunch Mediterranean Style Tuna Salad 220G,£2.00,£0.91/100g,,,False,,False,3.1,13,False,https://www.tesco.com/groceries/en-GB/products/262331092,https://digitalcontent.api.tesco.com/v2/media/ghs/faa3c4e4-9964-464e-985d-212a850fe8a6/4cef832a-bd2b-4b74-a57d-af4e3f17e8f9_1555656415.jpeg?h=225&w=225,Food Cupboard,Instant Noodles & Easy Meals
260461038,John West Light Lunch French Style Tuna Salad 220G,£2.00,£0.91/100g,,,False,,False,2.5,13,False,https://www.tesco.com/groceries/en-GB/products/260461038,https://digitalcontent.api.tesco.com/v2/media/ghs/49d577d3-35e0-4c6b-bf3a-b8ae9eafcba9/29ede806-cec2-4351-af88-d392e0ec18f8_1135844291.jpeg?h=225&w=225,Food Cupboard,Instant Noodles & Easy Meals
276616460,John West Light Lunch Mexican Style Tuna Salad 220G,£2.00,£0.91/100g,,,False,,False,,3,False,https://www.tesco.com/groceries/en-GB/products/276616460,https://digitalcontent.api.tesco.com/v2/media/ghs/5da405af-0b7f-4d5b-9706-cd418fd227db/670151fd-0d18-48c5-a52d-386f4673b2c4_1243718364.jpeg?h=225&w=225,Food Cupboard,Instant Noodles & Easy Meals
311779449,John West On The Go Moroccan Style Tuna Salad 220G,,,,,False,,False,,2,False,https://www.tesco.com/groceries/en-GB/products/311779449,https://digitalcontent.api.tesco.com/v2/media/ghs/5db1ffc0-bb12-4375-84d1-72cf96a40ff1/cc43308c-5444-44a7-89ac-30bd58f49319_305082664.jpeg?h=225&w=225,Food Cupboard,Instant Noodles & Easy Meals
276616293,John West Light Italian Tuna Pasta Salad 220g,£2.00,£0.91/100g,,,False,,False,3.6,9,False,https://www.tesco.com/groceries/en-GB/products/276616293,https://digitalcontent.api.tesco.com/v2/media/ghs/21405f50-b3db-4fea-ba9b-fa31060fe16e/2f19d341-8f49-4881-a4da-e93849525994_1871431154.jpeg?h=225&w=225,Food Cupboard,Instant Noodles & Easy Meals
311943520,Naked Ultimate Noodles Japanese Style Chicken 90G,£1.50,£16.67/kg,£1.00 Save 1/3 Clubcard Price,(£11.11/kg),True,Offer valid for delivery from 16/04/2025 until 13/05/2025,False,4.1,59,False,https://www.tesco.com/groceries/en-GB/products/311943520,https://digitalcontent.api.tesco.com/v2/media/ghs/cd328de2-cfa1-4ae4-ab47-a54e84d008b6/91c14ae1-c70c-49a8-a15a-9af103b60841_1716488670.jpeg?h=225&w=225,Food Cupboard,Instant Noodles & Easy Meals
313729996,Cup Noodles Big Wok Style Soba Classic 113g,£1.99,£17.61/kg,,,False,,False,4.9,36,False,https://www.tesco.com/groceries/en-GB/products/313729996,https://digitalcontent.api.tesco.com/v2/media/ghs/05ffa5af-2762-413a-8807-5a879fa5eb7d/657c89dc-25ca-42bc-8acc-cf54cfb91fe9_586740357.jpeg?h=225&w=225,Food Cupboard,Instant Noodles & Easy Meals
312569541,Cup Noodles Big Soba Wok Style Teriyaki 113g,£1.99,£17.61/kg,,,False,,False,4.8,31,False,https://www.tesco.com/groceries/en-GB/products/312569541,https://digitalcontent.api.tesco.com/v2/media/ghs/8c9babb7-e331-45e2-be0f-8aba94a1e474/704c32db-3850-41ad-98b2-d3e2e2c14f34_1746625570.jpeg?h=225&w=225,Food Cupboard,Instant Noodles & Easy Meals
311952866,Naked Ultimate Noodles Chinese Style Duck 90G,£1.50,£16.67/kg,£1.00 Save 1/3 Clubcard Price,(£11.11/kg),True,Offer valid for delivery from 16/04/2025 until 13/05/2025,False,3.9,48,False,https://www.tesco.com/groceries/en-GB/products/311952866,https://digitalcontent.api.tesco.com/v2/media/ghs/aa424db4-f0cc-4a9e-8d94-fa3d25947ef1/0c498dce-81da-4165-8b3c-cdb98eb82cc6_1809353992.jpeg?h=225&w=225,Food Cupboard,Instant Noodles & Easy Meals
312094785,Naked Ultimate Noodles Korean Style Beef 90G,£1.50,£16.67/kg,£1.00 Save 1/3 Clubcard Price,(£11.11/kg),True,Offer valid for delivery from 16/04/2025 until 13/05/2025,False,4.2,60,False,https://www.tesco.com/groceries/en-GB/products/312094785,https://digitalcontent.api.tesco.com/v2/media/ghs/36def1ae-dc03-4f88-b4a6-db12ad65a1d3/1b431dfc-f8f0-435b-ad3f-762e235bc102_106203816.jpeg?h=225&w=225,Food Cupboard,Instant Noodles & Easy Meals
307159008,Naked Free From Katsu Curry Long Grain Rice 78G,£1.55,£19.87/kg,,,False,,False,3.2,5,False,https://www.tesco.com/groceries/en-GB/products/307159008,https://digitalcontent.api.tesco.com/v2/media/ghs/000b377f-857d-49b7-b43f-b1201960b0ec/f4f53d8a-571c-4e58-8dfc-b2cfcfba82a4_426892275.jpeg?h=225&w=225,Food Cupboard,Instant Noodles & Easy Meals
266751792,Pot Noodle Sticky Rib 90G,£1.10,£12.22/kg,70p Clubcard Price,(£7.78/kg),True,Offer valid for delivery from 16/04/2025 until 13/05/2025,False,4.1,106,False,https://www.tesco.com/groceries/en-GB/products/266751792,https://digitalcontent.api.tesco.com/v2/media/ghs/60d9cf59-f56c-4f62-9d11-fcf8b9f61eed/a261099f-bef4-43e4-8dc0-c5e489fd8866_355065153.jpeg?h=225&w=225,Food Cupboard,Instant Noodles & Easy Meals
307364934,Naked Free From Thai Green Curry Rice 78G,£1.55,£1.99/100g,,,False,,False,2.5,2,False,https://www.tesco.com/groceries/en-GB/products/307364934,https://digitalcontent.api.tesco.com/v2/media/ghs/f002daab-e8a6-4224-809d-e0dac0125b9e/ca9422f8-8530-4c2f-825a-07b164555064_689453247.jpeg?h=225&w=225,Food Cupboard,Instant Noodles & Easy Meals
310119882,Batchelors Slim A Soup Creamy Vegetables 51G,£1.65,£3.24/100g,,,False,,False,4.1,38,False,https://www.tesco.com/groceries/en-GB/products/310119882,https://digitalcontent.api.tesco.com/v2/media/ghs/0fef491d-e3b5-43b0-a87b-de3c6ac2153b/372b3de6-0e0e-4ce4-b198-323037db97b1_704726739.jpeg?h=225&w=225,Food Cupboard,Instant Noodles & Easy Meals
311937205,Pot Pasta Bolognese King Pot 73g,£1.35,£18.49/kg,,,False,,False,4.5,37,False,https://www.tesco.com/groceries/en-GB/products/311937205,https://digitalcontent.api.tesco.com/v2/media/ghs/a2fade77-bbcd-4649-a36e-0b8f61179ab8/7cc904cb-c6f8-43a9-b58a-1b4e894e243f_860884270.jpeg?h=225&w=225,Food Cupboard,Instant Noodles & Easy Meals
311782928,Pot Pasta Creamy Carbonara King Pot 69g,£1.35,£19.56/kg,,,False,,False,4.4,30,False,https://www.tesco.com/groceries/en-GB/products/311782928,https://digitalcontent.api.tesco.com/v2/media/ghs/79ec231e-68bf-443d-8597-03b3ffb45f58/a2e4fa06-f22c-405c-a9ab-b0406bf429f0_1854167628.jpeg?h=225&w=225,Food Cupboard,Instant Noodles & Easy Meals
301373057,Nissin Cup Noodles Instant Ramen Pot Japanese Seafood 75g,£1.80,£24.00/kg,,,False,,False,,70,False,https://www.tesco.com/groceries/en-GB/products/301373057,https://digitalcontent.api.tesco.com/v2/media/ghs/c887e0c6-5035-4f3f-a17e-10e720a2aa25/db3626c4-f679-4d00-89e0-879be20e1cd7_537641594.jpeg?h=225&w=225,Food Cupboard,Instant Noodles & Easy Meals
307135532,Naked Korean Style Bbq Beef Noodles 100G,£1.15,£11.50/kg,75p Save 1/3 Clubcard Price,(£7.50/kg),True,Offer valid for delivery from 16/04/2025 until 10/06/2025,False,3.4,8,False,https://www.tesco.com/groceries/en-GB/products/307135532,https://digitalcontent.api.tesco.com/v2/media/ghs/e306b35a-c580-4f3f-94c7-7232c52c51ba/1a3d4838-7036-4533-9135-f00cb7ee8c18_1603113177.jpeg?h=225&w=225,Food Cupboard,Instant Noodles & Easy Meals
307151437,Naked Chicken Yakisoba Noodles 100G,£1.15,£11.50/kg,75p Save 1/3 Clubcard Price,(£7.50/kg),True,Offer valid for delivery from 16/04/2025 until 10/06/2025,False,,9,False,https://www.tesco.com/groceries/en-GB/products/307151437,https://digitalcontent.api.tesco.com/v2/media/ghs/5d84d887-d24b-4452-93dc-3bd85bd6ec43/8d963122-1f96-417b-bf48-21d96e228216_634303389.jpeg?h=225&w=225,Food Cupboard,Instant Noodles & Easy Meals
313363007,Pot Noodle Doner Kebab Instant Noodles 90g,£1.10,£12.22/kg,70p Clubcard Price,(£7.78/kg),True,Offer valid for delivery from 16/04/2025 until 13/05/2025,False,3.7,111,False,https://www.tesco.com/groceries/en-GB/products/313363007,https://digitalcontent.api.tesco.com/v2/media/ghs/73b4b85a-53fa-4595-baeb-4ad9256044c5/1244a43f-4299-4233-99ca-e4daae01e852_1345298010.jpeg?h=225&w=225,Food Cupboard,Instant Noodles & Easy Meals
289707626,Ainsley Harriott Hot & Sour Soup 3 Pack 60G,£1.30,£2.17/100g,,,False,,False,3.2,31,False,https://www.tesco.com/groceries/en-GB/products/289707626,https://digitalcontent.api.tesco.com/v2/media/ghs/6fb1805e-8a20-4ffe-8b3f-c3fe3eb35b9a/813e00b6-719a-4879-8d94-28f97d18e35e_664825304.jpeg?h=225&w=225,Food Cupboard,Instant Noodles & Easy Meals
289707603,Ainsley Harriott Thai Chicken Lemongrass Cup Soup 3 Pack 69G,£1.30,£1.88/100g,,,False,,False,2.1,62,False,https://www.tesco.com/groceries/en-GB/products/289707603,https://digitalcontent.api.tesco.com/v2/media/ghs/55f7ec7f-38ba-4606-ae35-464485b101bc/6e63f414-a654-41cb-9dc1-dc24211251a1_1082626723.jpeg?h=225&w=225,Food Cupboard,Instant Noodles & Easy Meals
312107607,Kabuto Chicken Ramen Noodles - 65g,£1.75,£26.92/kg,,,False,,False,3.8,13,False,https://www.tesco.com/groceries/en-GB/products/312107607,https://digitalcontent.api.tesco.com/v2/media/ghs/c81bd822-9bba-4920-8e81-83c7a88daa4e/35e8b581-cf56-4916-83a8-9be17b949feb_586945728.jpeg?h=225&w=225,Food Cupboard,Instant Noodles & Easy Meals
311934491,Kabuto Noodles Chilli Chicken Ramen 65G,£1.75,£26.92/kg,,,False,,False,3.7,9,False,https://www.tesco.com/groceries/en-GB/products/311934491,https://digitalcontent.api.tesco.com/v2/media/ghs/02b0801e-fe12-4eee-a64c-a9fd3a3319c3/96a38b53-66c7-422c-91aa-eb865ec613c6_1822509908.jpeg?h=225&w=225,Food Cupboard,Instant Noodles & Easy Meals
297172738,Nissin Soba Cup Sukiyaki Beef 89G,£1.75,£19.66/kg,,,False,,False,4.9,39,False,https://www.tesco.com/groceries/en-GB/products/297172738,https://digitalcontent.api.tesco.com/v2/media/ghs/3a532f7a-d360-402b-b70f-4329e8c656e7/ecf8ea23-f558-42a9-a55a-ad872c755f0d_673385786.jpeg?h=225&w=225,Food Cupboard,Instant Noodles & Easy Meals
303646008,Nissin Cup Noodles Soba Wok Style Instant Noodles - Peking Duck 87g,£1.75,£20.12/kg,,,False,,False,4.7,43,False,https://www.tesco.com/groceries/en-GB/products/303646008,https://digitalcontent.api.tesco.com/v2/media/ghs/208afa97-687d-449f-a109-2aa7f1016e98/86d433cb-d445-4322-b92e-e7fe18a83325_1615496669.jpeg?h=225&w=225,Food Cupboard,Instant Noodles & Easy Meals
306931490,Batchelors Big Super Noodles Bbq Beef Flavoured 100G,£1.25,£12.50/kg,,,False,,False,4.7,29,False,https://www.tesco.com/groceries/en-GB/products/306931490,https://digitalcontent.api.tesco.com/v2/media/ghs/6914815c-6c0f-4370-8f43-33a99c6e00ea/330fec36-0d53-4ea6-91bb-9d21a823acf6_1246552603.jpeg?h=225&w=225,Food Cupboard,Instant Noodles & Easy Meals
300513787,Itsu Katsu Rice Noodles 63g,£1.85,£29.36/kg,,,False,,False,3.7,9,False,https://www.tesco.com/groceries/en-GB/products/300513787,https://digitalcontent.api.tesco.com/v2/media/ghs/ff1788dd-7bc9-4b02-b39f-e5056834ec5a/b5308060-466c-4bda-8939-0becbf217e28_9950141.jpeg?h=225&w=225,Food Cupboard,Instant Noodles & Easy Meals
300513827,Itsu Chilli Miso Rice Noodle Cup 63G,£1.85,£29.36/kg,,,False,,False,3.6,13,False,https://www.tesco.com/groceries/en-GB/products/300513827,https://digitalcontent.api.tesco.com/v2/media/ghs/9bc73c44-e58f-4255-ad91-15a132d5d13d/fe4d0dd2-d807-4bd3-9ef2-3916e22f3668_380087257.jpeg?h=225&w=225,Food Cupboard,Instant Noodles & Easy Meals
302287359,Nissin Cup Noodles Instant Ramen Pot Chicken Teriyaki 70g,£1.80,£25.71/kg,,,False,,False,4.2,58,False,https://www.tesco.com/groceries/en-GB/products/302287359,https://digitalcontent.api.tesco.com/v2/media/ghs/9fb065d0-c3f4-4efe-84cb-89204b410fe7/76003adf-9082-43b2-829f-59329bbe64fb_500057507.jpeg?h=225&w=225,Food Cupboard,Instant Noodles & Easy Meals
297132160,Tesco Sweet & Spicy Cup Soups With Noodles 5 x 23g (115g),£0.95,£0.83/100g,,,False,,False,3.9,55,False,https://www.tesco.com/groceries/en-GB/products/297132160,https://digitalcontent.api.tesco.com/v2/media/ghs/06f40af7-4316-43ca-9049-7535a1b79eac/b8f8b700-5e3c-4859-aab8-43345c6af541_1600166952.jpeg?h=225&w=225,Food Cupboard,Instant Noodles & Easy Meals
297172531,Batchelors Pasta & Sauce Mac n Cheese 65G,£1.00,£15.38/kg,,,False,,False,3.2,18,False,https://www.tesco.com/groceries/en-GB/products/297172531,https://digitalcontent.api.tesco.com/v2/media/ghs/64474fda-a156-42f7-8190-5101a7146b16/7007b3fa-055a-46a9-a9c5-1d8ab9398e82_1441962127.jpeg?h=225&w=225,Food Cupboard,Instant Noodles & Easy Meals
307344578,Batchelors Pasta & Sauce Low Fat Cheese & Pancetta,£1.00,£10.10/kg,,,False,,False,4.2,36,False,https://www.tesco.com/groceries/en-GB/products/307344578,https://digitalcontent.api.tesco.com/v2/media/ghs/3881b9a1-cd61-4d1a-94e1-3d7459975df0/160cc0e0-1ee6-4469-ba99-20ed16771300_1772400231.jpeg?h=225&w=225,Food Cupboard,Instant Noodles & Easy Meals
306821430,Batchelors Pasta & Sauce Roast Chicken & Bacon Flavoured 99G,£1.00,£10.10/kg,,,False,,False,4.7,12,False,https://www.tesco.com/groceries/en-GB/products/306821430,https://digitalcontent.api.tesco.com/v2/media/ghs/919d2f2e-8a0c-4809-99c9-3a1e061e31b1/98db547f-2643-435d-8f42-ab9d305c823b_1595966713.jpeg?h=225&w=225,Food Cupboard,Instant Noodles & Easy Meals
297172519,Batchelors Pasta & Sauce Chicken & Mushroom 65G,£1.00,£15.38/kg,,,False,,False,1.6,17,False,https://www.tesco.com/groceries/en-GB/products/297172519,https://digitalcontent.api.tesco.com/v2/media/ghs/31b819d5-e2ba-4133-902e-8180b04c0f81/db214d47-fcfe-4a2d-8896-85c8e6517619_2027490937.jpeg?h=225&w=225,Food Cupboard,Instant Noodles & Easy Meals
312097033,Pot Noodle Lost the Pot Smokin' BBQ Instant Noodles 85g,£0.50,£5.88/kg,,,False,,False,4.3,33,False,https://www.tesco.com/groceries/en-GB/products/312097033,https://digitalcontent.api.tesco.com/v2/media/ghs/5dc8caaa-a87f-4048-bac8-f53b0dac301f/02326384-07a4-409f-aa14-418172d2b633_1484287687.jpeg?h=225&w=225,Food Cupboard,Instant Noodles & Easy Meals
303646187,Batchelors Super Noodles Bacon 90G,£1.00,£11.11/kg,,,False,,False,3.9,42,False,https://www.tesco.com/groceries/en-GB/products/303646187,https://digitalcontent.api.tesco.com/v2/media/ghs/a2ab398e-e5d1-40bd-9277-7875292b114e/8b1d475c-c3d4-4ec6-8952-0e2c4ec36d74_1898422807.jpeg?h=225&w=225,Food Cupboard,Instant Noodles & Easy Meals
303671882,Batchelors Low Fat Super Noodles - Curry Flavour 81g,£1.00,£12.35/kg,,,False,,False,4.9,31,False,https://www.tesco.com/groceries/en-GB/products/303671882,https://digitalcontent.api.tesco.com/v2/media/ghs/781f53f7-4332-46d4-87eb-378c0b8f0d94/a8906b96-3fc6-426c-8dc1-788979439f37_1026684177.jpeg?h=225&w=225,Food Cupboard,Instant Noodles & Easy Meals
297132222,Tesco Roast Chicken Cup Soup 5 Pack 130g,£0.95,£0.73/100g,,,False,,False,4.1,68,False,https://www.tesco.com/groceries/en-GB/products/297132222,https://digitalcontent.api.tesco.com/v2/media/ghs/7d8e37f9-5433-4a88-8cd8-f1b5e6bcc021/9f8cdd9e-223e-4ee9-b04e-a9899efd8ef7_1959512777.jpeg?h=225&w=225,Food Cupboard,Instant Noodles & Easy Meals
317538645,Itsu Big' Bowl Noodles - Classic Soy 101g,£2.50,£24.75/kg,,,False,,False,,1,False,https://www.tesco.com/groceries/en-GB/products/317538645,https://digitalcontent.api.tesco.com/v2/media/ghs/cdf5f460-f2ba-4701-8bf0-1f24c03776c1/97b38931-fc7d-4fb8-9cc3-980c3582e961_758178557.jpeg?h=225&w=225,Food Cupboard,Instant Noodles & Easy Meals
317284852,Itsu Big' Bowl Noodles - Sesame Ramen 93g,£2.50,£26.88/kg,,,False,,False,2.4,5,False,https://www.tesco.com/groceries/en-GB/products/317284852,https://digitalcontent.api.tesco.com/v2/media/ghs/56116c1c-d679-426d-bcff-adcad4cdf7a7/77f2dde2-fed4-4b73-afcb-3799c3eaed3d_13221530.jpeg?h=225&w=225,Food Cupboard,Instant Noodles & Easy Meals
303367730,MAGGI 3 Minute Instant Noodles Curry Flavour 59g,£1.80,£0.45/each,,,False,,False,,9,False,https://www.tesco.com/groceries/en-GB/products/303367730,https://digitalcontent.api.tesco.com/v2/media/ghs/416b1663-909d-4fc1-872f-62675832ce8c/7495f9a5-3598-4dd6-8e33-ebaac4aad2af_518270989.jpeg?h=225&w=225,Food Cupboard,Instant Noodles & Easy Meals
316640110,Bens Original Lunch Bowl Italian Style Grains and Rice 220g,£3.00,£13.64/kg,£2.50 Clubcard Price,(£11.36/kg),True,Offer valid for delivery from 19/03/2025 until 13/05/2025,False,4.2,72,False,https://www.tesco.com/groceries/en-GB/products/316640110,https://digitalcontent.api.tesco.com/v2/media/ghs/884d48b8-3687-41c7-92fd-2ea1a9378422/352f89d6-6708-432f-a225-649315ac394d_130690681.jpeg?h=225&w=225,Food Cupboard,Instant Noodles & Easy Meals
317069027,Bens Original Lunch Bowl Mexican Style Grains and Rice 220g,£3.00,£13.64/kg,£2.50 Clubcard Price,(£11.36/kg),True,Offer valid for delivery from 19/03/2025 until 13/05/2025,False,4.7,50,False,https://www.tesco.com/groceries/en-GB/products/317069027,https://digitalcontent.api.tesco.com/v2/media/ghs/1df33b85-d37a-4adc-84e7-8e4355f626d9/95cc6234-bd9f-4ce9-b30b-f70dbb2b6b86_1959649978.jpeg?h=225&w=225,Food Cupboard,Instant Noodles & Easy Meals
316938087,Bens Original Lunch Bowl Moroccan Style Grains and Pulses 220g,£3.00,£13.64/kg,£2.50 Clubcard Price,(£11.36/kg),True,Offer valid for delivery from 19/03/2025 until 13/05/2025,False,4.4,50,False,https://www.tesco.com/groceries/en-GB/products/316938087,https://digitalcontent.api.tesco.com/v2/media/ghs/7cbfad88-d71b-46f8-9907-7205c0bbb7a4/d9e6c574-5b39-44cb-bae6-c2b681ff88e5_356376708.jpeg?h=225&w=225,Food Cupboard,Instant Noodles & Easy Meals
316937226,Bens Original Lunch Bowl Spicy Thai Style Coconut Grains and Rice 220g,£3.00,£13.64/kg,£2.50 Clubcard Price,(£11.36/kg),True,Offer valid for delivery from 19/03/2025 until 13/05/2025,False,4.6,16,False,https://www.tesco.com/groceries/en-GB/products/316937226,https://digitalcontent.api.tesco.com/v2/media/ghs/048b1505-9cea-44db-a0c0-f2617366f42f/0e60560a-da7f-4d62-b686-21910d4edc36_572423500.jpeg?h=225&w=225,Food Cupboard,Instant Noodles & Easy Meals
317297013,Soup Head Chinese Inspired Hot & Sour Soup 300g,£2.50,£8.33/kg,,,False,,False,3.7,14,False,https://www.tesco.com/groceries/en-GB/products/317297013,https://digitalcontent.api.tesco.com/v2/media/ghs/d769decc-8805-4d12-bf61-62deb3d3b287/14094b91-0729-46fe-a5e2-510d21d89dc2_1745912527.jpeg?h=225&w=225,Food Cupboard,Instant Noodles & Easy Meals
317205786,Soup Head Chinese Inspired Vegetable & Sweetcorn Soup 300g,£2.50,£8.33/kg,,,False,,False,4.5,10,False,https://www.tesco.com/groceries/en-GB/products/317205786,https://digitalcontent.api.tesco.com/v2/media/ghs/d85c6e7d-4db4-4fba-a139-b97f23f7f04a/2737f72d-13d9-4397-aec8-1ec4cd203d63_734617208.jpeg?h=225&w=225,Food Cupboard,Instant Noodles & Easy Meals
317065553,Souphead Thai Inspired Soul Stirring Tom Yum Soup 300g,£2.50,£8.33/kg,,,False,,False,3.6,20,False,https://www.tesco.com/groceries/en-GB/products/317065553,https://digitalcontent.api.tesco.com/v2/media/ghs/3a2cb2f4-40f0-4dfe-8675-c1a9d85d43aa/df8824de-76af-4d4b-a358-6fded2d0c5d0_1179131435.jpeg?h=225&w=225,Food Cupboard,Instant Noodles & Easy Meals
317191541,Souphead Thai Inspired Soul Stirring Tom Kha Gai Soup 300g,£2.50,£8.33/kg,,,False,,False,3.8,17,False,https://www.tesco.com/groceries/en-GB/products/317191541,https://digitalcontent.api.tesco.com/v2/media/ghs/6780768e-bb1c-4c85-a2a2-2bd89b6c3524/da737b5b-9e6d-427a-a80f-f1fc5d16f056_1883859237.jpeg?h=225&w=225,Food Cupboard,Instant Noodles & Easy Meals
317304749,Souphead Chinese Inspired Soul Stirring Yunan Congee Soup 300g,£2.50,£8.33/kg,,,False,,False,3.8,10,False,https://www.tesco.com/groceries/en-GB/products/317304749,https://digitalcontent.api.tesco.com/v2/media/ghs/81247e74-a147-4ca0-aa41-1c4129fc1dd8/7eb07ede-e194-4575-beb0-5a8700c3398b_533867293.jpeg?h=225&w=225,Food Cupboard,Instant Noodles & Easy Meals
311252220,Bens Plant Powered Bean Chilli Non Carne 285g,£2.50,£8.77/kg,£1.75 Clubcard Price,(£6.14/kg),True,Offer valid for delivery from 16/04/2025 until 13/05/2025,False,4.4,143,False,https://www.tesco.com/groceries/en-GB/products/311252220,https://digitalcontent.api.tesco.com/v2/media/ghs/6fce85e8-daf1-4424-ad9c-4ba81f113ec7/7e512688-d729-4bed-9e92-4124e57bc62a_329463125.jpeg?h=225&w=225,Food Cupboard,Instant Noodles & Easy Meals
313853548,Mug Shot Pasta - Tomato & Herb 64g,£1.00,£15.62/kg,60p Clubcard Price,(£9.38/kg),True,Offer valid for delivery from 17/04/2025 until 13/05/2025,False,,1,False,https://www.tesco.com/groceries/en-GB/products/313853548,https://digitalcontent.api.tesco.com/v2/media/ghs/2ae22fd0-7d82-4a70-908c-81057a920abc/c0183b6e-4b7e-40b7-a8cb-92072f200b17_250786748.jpeg?h=225&w=225,Food Cupboard,Instant Noodles & Easy Meals
311787422,Ben's Plant Powered Spicy Lentil Stew 285G,£2.50,£8.77/kg,£1.75 Clubcard Price,(£6.14/kg),True,Offer valid for delivery from 16/04/2025 until 13/05/2025,False,4.4,79,False,https://www.tesco.com/groceries/en-GB/products/311787422,https://digitalcontent.api.tesco.com/v2/media/ghs/64c5fc2f-8b08-4667-ad13-bdb5b7954d5c/f769dc95-1686-43f1-8184-012d5d0f8803_1988281691.jpeg?h=225&w=225,Food Cupboard,Instant Noodles & Easy Meals
316951934,Bens Original Favourites Risotto Tomato and Italian Style Herbs Microwave Rice Meal 250g,£2.50,£10.00/kg,£2.00 Clubcard Price,(£8.00/kg),True,Offer valid for delivery from 19/03/2025 until 13/05/2025,False,3.9,72,False,https://www.tesco.com/groceries/en-GB/products/316951934,https://digitalcontent.api.tesco.com/v2/media/ghs/09c589d5-696f-460b-8c1a-be1670c76f9d/075bae17-95f1-490f-806b-ed67afc99837_982422929.jpeg?h=225&w=225,Food Cupboard,Instant Noodles & Easy Meals
311667357,Bens Plant Powered Tikka Masala Curry 285g,£2.50,£8.77/kg,£1.75 Clubcard Price,(£6.14/kg),True,Offer valid for delivery from 16/04/2025 until 13/05/2025,False,4.3,95,False,https://www.tesco.com/groceries/en-GB/products/311667357,https://digitalcontent.api.tesco.com/v2/media/ghs/c5ace662-a85b-4e99-891e-0d3bce93c666/ff3a914b-1ca6-4dc1-9076-521e39e1253f_2053138547.jpeg?h=225&w=225,Food Cupboard,Instant Noodles & Easy Meals
316948841,Batchelors Cook With Noodles - Chilli Flavour 4x60g,£1.80,£7.50/kg,,,False,,False,,,False,https://www.tesco.com/groceries/en-GB/products/316948841,https://digitalcontent.api.tesco.com/v2/media/ghs/d0256e6b-1900-46ce-912f-f53be51088ef/913694e3-4f89-4cc1-ab79-807e59c22eb6_1993262418.jpeg?h=225&w=225,Food Cupboard,Instant Noodles & Easy Meals
317063175,Dolmio Pronto Pasta & Sauce - Tomato & Chilli 200g,£2.20,£11.00/kg,,,False,,False,,,False,https://www.tesco.com/groceries/en-GB/products/317063175,https://digitalcontent.api.tesco.com/v2/media/ghs/3cc5f396-1a79-4b52-a8a2-0875ecf59ad6/e2a3169d-2812-4101-89c8-dd5b29803b19_751029490.jpeg?h=225&w=225,Food Cupboard,Instant Noodles & Easy Meals
317984968,Yo! Oyakata Noodles Shoyu,£1.40,£1.40/each,,,False,,False,,,False,https://www.tesco.com/groceries/en-GB/products/317984968,https://digitalcontent.api.tesco.com/v2/media/ghs-mktg/b0b04216-fa73-466d-a9d7-c9fcfa1ce9b3/no-image.jpeg,Food Cupboard,Instant Noodles & Easy Meals
310656239,John West On The Go Harissa Spiced Super Tuna Salad 220g,£2.00,£0.91/100g,,,False,,False,,3,False,https://www.tesco.com/groceries/en-GB/products/310656239,https://digitalcontent.api.tesco.com/v2/media/ghs/864d320b-3dde-40df-ae32-60d3c57c89e7/cd31c911-3328-4788-a060-1dc697c5fdbe_1838903707.jpeg?h=225&w=225,Food Cupboard,Instant Noodles & Easy Meals
310695935,John West On The Go Super Tuna Salad - Honey & Ginger 220g,£2.00,£0.91/100g,,,False,,False,3.5,6,False,https://www.tesco.com/groceries/en-GB/products/310695935,https://digitalcontent.api.tesco.com/v2/media/ghs/be0034da-b1e5-4ec8-b5b6-6e9f271ac325/59d32e72-68a5-48aa-98c8-f0221c3cbc09_2069287131.jpeg?h=225&w=225,Food Cupboard,Instant Noodles & Easy Meals
314945968,Batchelors Cook With Noodles - Chicken Flavour 4x60g,£1.80,£7.50/kg,,,False,,False,4.6,62,False,https://www.tesco.com/groceries/en-GB/products/314945968,https://digitalcontent.api.tesco.com/v2/media/ghs/da779ba6-87af-4533-8077-11db82e3e214/c53366f4-015b-46c7-bff4-1eb7f39bbdd2_2126235301.jpeg?h=225&w=225,Food Cupboard,Instant Noodles & Easy Meals
313512526,Pot Noodle Fusions Thai Green Curry Instant Noodles 117g,£1.40,£11.97/kg,,,False,,False,4.5,35,False,https://www.tesco.com/groceries/en-GB/products/313512526,https://digitalcontent.api.tesco.com/v2/media/ghs/bb94685c-5ed1-4d28-b8bb-42eb7c09659b/d9a765b2-46df-45c2-a594-db5a6c21cc14_109032838.jpeg?h=225&w=225,Food Cupboard,Instant Noodles & Easy Meals
316810330,Batchelors Cup a Soup Cheese & Broccoli 4 Sachets 92g,£1.65,£1.79/100g,,,False,,False,4.4,30,False,https://www.tesco.com/groceries/en-GB/products/316810330,https://digitalcontent.api.tesco.com/v2/media/ghs/6bc7ed16-d0dd-4df9-a65a-ec58ae051b29/81f90d1f-675e-441e-b6fa-ab748a1c8635_563253384.jpeg?h=225&w=225,Food Cupboard,Instant Noodles & Easy Meals
314093587,Mug Shot Chicken & Mushroom Pasta 64g,£1.00,£15.62/kg,60p Clubcard Price,(£9.38/kg),True,Offer valid for delivery from 17/04/2025 until 13/05/2025,False,,,False,https://www.tesco.com/groceries/en-GB/products/314093587,https://digitalcontent.api.tesco.com/v2/media/ghs/fbb721c8-9337-4bf2-bd45-0af382dd7f72/a1a75897-adfb-4669-873a-3bddf193bb8c_1510594212.jpeg?h=225&w=225,Food Cupboard,Instant Noodles & Easy Meals
317199671,The Snack Organisation Tom Yum Noodles 80g,£1.15,£14.38/kg,,,False,,False,2.7,3,False,https://www.tesco.com/groceries/en-GB/products/317199671,https://digitalcontent.api.tesco.com/v2/media/ghs/b755560c-f79d-46b5-aef1-7127dabe398a/54bdf790-49c3-4c2b-b14e-605868d070ae_842730812.jpeg?h=225&w=225,Food Cupboard,Instant Noodles & Easy Meals
316649446,The Snack Organisation Pad Thai Noodles 80g,£1.15,£14.38/kg,,,False,,False,2.3,6,False,https://www.tesco.com/groceries/en-GB/products/316649446,https://digitalcontent.api.tesco.com/v2/media/ghs/5cc87906-638d-4ffc-9cc0-f6249f6ab477/a4cdf195-7311-4223-a355-16d2233fcef1_2015631805.jpeg?h=225&w=225,Food Cupboard,Instant Noodles & Easy Meals
317552938,Batchelors Cup a Soup Sweet Chilli Chicken 4 pack 92g,£1.65,£1.79/100g,,,False,,False,4.4,34,False,https://www.tesco.com/groceries/en-GB/products/317552938,https://digitalcontent.api.tesco.com/v2/media/ghs/86cd2cb7-c0b4-4c1d-baed-cf1e5d99db98/86bac56b-d9c5-423b-98bc-bee1cd6a5e4d_226606585.jpeg?h=225&w=225,Food Cupboard,Instant Noodles & Easy Meals
260187357,Pot Noodle Chinese Chow Mein 90G,£1.10,£12.22/kg,70p Clubcard Price,(£7.78/kg),True,Offer valid for delivery from 16/04/2025 until 13/05/2025,False,4.4,20,False,https://www.tesco.com/groceries/en-GB/products/260187357,https://digitalcontent.api.tesco.com/v2/media/ghs/87570980-3eb3-4124-baf8-7aaa254c763a/8b66b727-f936-428c-a0ef-3afd697a695a_2052027003.jpeg?h=225&w=225,Food Cupboard,Instant Noodles & Easy Meals
314114466,Batchelors Pasta & Sauce Creamy Four Cheese 99G,£1.55,£15.66/kg,,,False,,False,4.7,44,False,https://www.tesco.com/groceries/en-GB/products/314114466,https://digitalcontent.api.tesco.com/v2/media/ghs/0ae22adf-3748-4534-9942-0ab523a742f3/f3fd5c92-2203-4181-914c-e6c37b74cc27_1167255502.jpeg?h=225&w=225,Food Cupboard,Instant Noodles & Easy Meals
313622091,Pot Noodle Fusions Katsu Curry Instant Noodles 100g,£1.40,£14.00/kg,,,False,,False,4.3,32,False,https://www.tesco.com/groceries/en-GB/products/313622091,https://digitalcontent.api.tesco.com/v2/media/ghs/0498e33e-31a4-4ed5-9ccd-876633b3b838/313187b1-2021-4d85-b4a9-7415b2194ec9_203110164.jpeg?h=225&w=225,Food Cupboard,Instant Noodles & Easy Meals
313611956,Pot Noodle Fusions Chilli Chicken Instant Noodles 100g,£1.40,£14.00/kg,,,False,,False,4.4,31,False,https://www.tesco.com/groceries/en-GB/products/313611956,https://digitalcontent.api.tesco.com/v2/media/ghs/3f446432-3799-4403-a624-144680425e36/b86c01e5-21c2-440a-af93-86e4a899b3cc_915088299.jpeg?h=225&w=225,Food Cupboard,Instant Noodles & Easy Meals
314300507,Batchelors Pasta & Sauce Caramelised Onion & Smoky Bacon 99G,£1.55,£15.66/kg,,,False,,False,4.6,43,False,https://www.tesco.com/groceries/en-GB/products/314300507,https://digitalcontent.api.tesco.com/v2/media/ghs/fb545946-458d-4a92-ae3d-d4d71774130f/f690cd5e-e17f-4d61-a39a-b5dc3fa4d481_1447212952.jpeg?h=225&w=225,Food Cupboard,Instant Noodles & Easy Meals
313964676,Cup Noodles Wok Style Soba Japanese Curry 90g,£1.75,£19.44/kg,,,False,,False,4.9,42,False,https://www.tesco.com/groceries/en-GB/products/313964676,https://digitalcontent.api.tesco.com/v2/media/ghs/ec213f2f-d3f3-46a2-998f-e10044d9d3e2/6723d1e1-1555-4615-af88-d7d0b172d17d_2085479961.jpeg?h=225&w=225,Food Cupboard,Instant Noodles & Easy Meals
312212407,Itsu Chick-n Ramen Rice Noodles 64g,£1.85,£28.91/kg,,,False,,False,,2,False,https://www.tesco.com/groceries/en-GB/products/312212407,https://digitalcontent.api.tesco.com/v2/media/ghs/380db1b7-5f8d-4917-8e32-60f730ddba91/cfdc3d50-e8af-4546-94f2-1c8dc0037281_1096903887.jpeg?h=225&w=225,Food Cupboard,Instant Noodles & Easy Meals
316785854,Nissin Soba Yakitori Chicken Instant Stir Fry Noodles 110g,£1.20,£10.91/kg,£1.00 Clubcard Price,(£9.09/kg),True,Offer valid for delivery from 16/04/2025 until 13/05/2025,False,,,False,https://www.tesco.com/groceries/en-GB/products/316785854,https://digitalcontent.api.tesco.com/v2/media/ghs/53bd3588-04d9-4863-97c6-8c42924aa30f/d8437b43-3352-4907-954e-9a9a307f5005_1238758102.jpeg?h=225&w=225,Food Cupboard,Instant Noodles & Easy Meals
289537988,Naked Noodle Hoi Sin 78G,£1.25,£16.03/kg,85p Clubcard Price,(£10.90/kg),True,Offer valid for delivery from 08/04/2025 until 08/06/2025,False,3.4,92,False,https://www.tesco.com/groceries/en-GB/products/289537988,https://digitalcontent.api.tesco.com/v2/media/ghs/881590b7-4a0f-4f5e-82b6-483bf58b6251/ca9b3ea3-0962-4b5b-b855-3f11f5abe174_1484363327.jpeg?h=225&w=225,Food Cupboard,Instant Noodles & Easy Meals
311665912,Nissin Cup Noodles Instant Ramen Pot Katsu Curry 67g,£1.80,£26.87/kg,,,False,,False,4.4,46,False,https://www.tesco.com/groceries/en-GB/products/311665912,https://digitalcontent.api.tesco.com/v2/media/ghs/e61e97e0-16cc-4e30-a789-d636b9ac23ee/f58617f3-4c46-459d-b5ce-dba3a87a5695_1146823240.jpeg?h=225&w=225,Food Cupboard,Instant Noodles & Easy Meals
303646227,Batchelors Super Noodles Southern Fried Chicken 90G,£1.00,£11.11/kg,,,False,,False,4.1,35,False,https://www.tesco.com/groceries/en-GB/products/303646227,https://digitalcontent.api.tesco.com/v2/media/ghs/4a031f7a-f5d6-437d-af07-77341f360402/b927c7da-00ba-4e92-9b0f-a0a6ad485a74_1259340890.jpeg?h=225&w=225,Food Cupboard,Instant Noodles & Easy Meals
303646509,Batchelors Super Noodles Chow Mein 90G,£1.00,£11.11/kg,,,False,,False,4.7,35,False,https://www.tesco.com/groceries/en-GB/products/303646509,https://digitalcontent.api.tesco.com/v2/media/ghs/f56a471a-ea09-4d92-a41b-c39805d94b77/a8cdcaf0-1eab-42b1-8b4b-790de05596fa_311580886.jpeg?h=225&w=225,Food Cupboard,Instant Noodles & Easy Meals
303367678,MAGGI 3 Minute Instant Noodles Chicken Flavour 59g,£1.80,£7.63/kg,,,False,,False,,,False,https://www.tesco.com/groceries/en-GB/products/303367678,https://digitalcontent.api.tesco.com/v2/media/ghs/9a45e2ac-c106-4d81-b3d0-ae53419b528d/4e7755f0-dd39-44c2-ae35-a9502bfeca28_1756037925.jpeg?h=225&w=225,Food Cupboard,Instant Noodles & Easy Meals
317287342,Ramenhead Tomato & Chilli Noodle & Broth 450g,£3.50,£7.78/kg,,,False,,False,4.6,8,False,https://www.tesco.com/groceries/en-GB/products/317287342,https://digitalcontent.api.tesco.com/v2/media/ghs/ac1437a6-0cec-4df7-846c-4aebc851c938/27676e15-8029-4fe8-addb-9fde2f8807a5_1965458620.jpeg?h=225&w=225,Food Cupboard,Instant Noodles & Easy Meals
317068884,Mac 'N' Cheese Head Macaroni & 3 Oozy Cheese 200g,£2.50,£12.50/kg,£2.20 Clubcard Price,(£11.00/kg),True,Offer valid for delivery from 16/04/2025 until 13/05/2025,False,3.5,22,False,https://www.tesco.com/groceries/en-GB/products/317068884,https://digitalcontent.api.tesco.com/v2/media/ghs/5b53cc5e-aa1c-4b49-9a11-8f9c5951bd33/61c09b42-8807-4dca-8d48-e42a2c3bbfe6_370416697.jpeg?h=225&w=225,Food Cupboard,Instant Noodles & Easy Meals
317062061,Pasta Head Puttanesca Sauce with Penne 200g,£2.50,£12.50/kg,£2.20 Clubcard Price,(£11.00/kg),True,Offer valid for delivery from 16/04/2025 until 13/05/2025,False,4.6,14,False,https://www.tesco.com/groceries/en-GB/products/317062061,https://digitalcontent.api.tesco.com/v2/media/ghs/f0bb107a-353e-4c92-8c3e-7e1bf4e2483c/246620d3-7ddf-4e1e-9126-d9ede10e8d6c_1965199695.jpeg?h=225&w=225,Food Cupboard,Instant Noodles & Easy Meals
317055847,Pasta Head Sundried Tomato & Basil Sauce with Penne 200g,£2.50,£12.50/kg,£2.20 Clubcard Price,(£11.00/kg),True,Offer valid for delivery from 16/04/2025 until 13/05/2025,False,4.7,13,False,https://www.tesco.com/groceries/en-GB/products/317055847,https://digitalcontent.api.tesco.com/v2/media/ghs/b363c232-7021-4e0b-bdd4-efed95f54eff/23fcb6b1-b0b6-4e39-ba54-435b292d5609_1924663532.jpeg?h=225&w=225,Food Cupboard,Instant Noodles & Easy Meals
317310488,Mac 'N' Cheese Head Macaroni 3 Cheese & Jalapeno 200g,£2.50,£12.50/kg,£2.20 Clubcard Price,(£11.00/kg),True,Offer valid for delivery from 16/04/2025 until 13/05/2025,False,4.1,9,False,https://www.tesco.com/groceries/en-GB/products/317310488,https://digitalcontent.api.tesco.com/v2/media/ghs/ef64c7e4-799d-44ca-8c72-7aa2a6af2e62/afb8e8cf-3242-40cb-8969-7f360197e7f3_882453269.jpeg?h=225&w=225,Food Cupboard,Instant Noodles & Easy Meals
317188690,Pasta Head Arrabiata Sauce With Penne 200g,£2.50,£12.50/kg,£2.20 Clubcard Price,(£11.00/kg),True,Offer valid for delivery from 16/04/2025 until 13/05/2025,False,4.5,6,False,https://www.tesco.com/groceries/en-GB/products/317188690,https://digitalcontent.api.tesco.com/v2/media/ghs/3cb36e67-d39f-4a7d-81d8-abb92f5f425b/a9dbbf61-5984-4e48-8f21-1bc9c96bd269_1098748747.jpeg?h=225&w=225,Food Cupboard,Instant Noodles & Easy Meals
321528611,Merchant Gourmet Puy Lentil & Mixed Mushroom Bolognese 280g,,,,,False,,False,,,False,https://www.tesco.com/groceries/en-GB/products/321528611,https://digitalcontent.api.tesco.com/v2/media/ghs/89eaa308-0378-45f7-891c-1abb6762a424/465a6d79-accf-430b-81f4-7dda818b002d_407330058.jpeg?h=225&w=225,Food Cupboard,Instant Noodles & Easy Meals
317051333,Bens Original Favourites Chilli con Carne Minced Beef and Vegetable Microwave Meal 250g,£2.50,£10.00/kg,£2.00 Clubcard Price,(£8.00/kg),True,Offer valid for delivery from 19/03/2025 until 13/05/2025,False,4.1,65,False,https://www.tesco.com/groceries/en-GB/products/317051333,https://digitalcontent.api.tesco.com/v2/media/ghs/c135b7a1-4e80-43ae-99ad-2f92cf929e21/183fefb5-f232-43e6-8bec-6a4be759e72f_934627737.jpeg?h=225&w=225,Food Cupboard,Instant Noodles & Easy Meals
317314037,Veetee Stir'd Rose Harissa 100g,£2.00,£20.00/kg,£1.00 Half Price Clubcard Price,(£10.00/kg),True,Offer valid for delivery from 16/04/2025 until 10/06/2025,False,,10,False,https://www.tesco.com/groceries/en-GB/products/317314037,https://digitalcontent.api.tesco.com/v2/media/ghs/aeea23a3-d9da-4597-8fa3-f5d18f8f01e7/b5213efe-8d0f-49b0-87c3-2e2b2b29e279_52700813.jpeg?h=225&w=225,Food Cupboard,Instant Noodles & Easy Meals
316798303,Veetee Stir'd Fiery Sriracha 100g,£2.00,£20.00/kg,£1.00 Half Price Clubcard Price,(£10.00/kg),True,Offer valid for delivery from 16/04/2025 until 10/06/2025,False,,9,False,https://www.tesco.com/groceries/en-GB/products/316798303,https://digitalcontent.api.tesco.com/v2/media/ghs/ab79be1f-5810-42ee-88e2-52f6be49ce53/543a92f9-61ae-49cb-9785-0bd42d1f1104_467364568.jpeg?h=225&w=225,Food Cupboard,Instant Noodles & Easy Meals
317182903,Veetee Stir'd Smokey Cajun 100g,£2.00,£20.00/kg,£1.00 Half Price Clubcard Price,(£10.00/kg),True,Offer valid for delivery from 16/04/2025 until 10/06/2025,False,4.6,9,False,https://www.tesco.com/groceries/en-GB/products/317182903,https://digitalcontent.api.tesco.com/v2/media/ghs/cdb7c199-f91f-4713-9dd5-3f14195681ed/0a99c6c2-4140-450c-8ae6-f5c46a06b310_551247067.jpeg?h=225&w=225,Food Cupboard,Instant Noodles & Easy Meals
317188047,Dolmio Pronto Pasta & Sauce - Tomato & Basil 200g,£2.20,£1.10/100g,,,False,,False,3.5,2,False,https://www.tesco.com/groceries/en-GB/products/317188047,https://digitalcontent.api.tesco.com/v2/media/ghs/bb93ba3b-dd27-4da1-9418-34840746a7d6/8412a1d5-12ef-4e7e-9468-c3122675e782_1008788078.jpeg?h=225&w=225,Food Cupboard,Instant Noodles & Easy Meals
317294650,Noodle Head Stir Fried Mayhem Chow Mein 200g,£2.50,£12.50/kg,,,False,,False,3.6,20,False,https://www.tesco.com/groceries/en-GB/products/317294650,https://digitalcontent.api.tesco.com/v2/media/ghs/a1104665-306c-4a08-8faf-464c0058c937/591ccfec-912c-41f5-aaed-38c1abd81c7d_2045444329.jpeg?h=225&w=225,Food Cupboard,Instant Noodles & Easy Meals
317306655,Noodle Head Stir Fried Mayhem Pad Thai 200g,£2.50,£12.50/kg,,,False,,False,2.4,21,False,https://www.tesco.com/groceries/en-GB/products/317306655,https://digitalcontent.api.tesco.com/v2/media/ghs/b42a9425-ee3a-4904-9333-a8e770bee67f/a92f9414-74a0-4011-89a5-6fc5cc3baed6_1509833391.jpeg?h=225&w=225,Food Cupboard,Instant Noodles & Easy Meals
317299103,Noodle Head Stir Fried Noodles - Sweet Chilli 200g,£2.50,£12.50/kg,,,False,,False,,7,False,https://www.tesco.com/groceries/en-GB/products/317299103,https://digitalcontent.api.tesco.com/v2/media/ghs/35b170ce-2e7b-4711-97cc-62725f9840ce/86b4abb1-c43b-4bca-b9cd-69664073446d_1309833613.jpeg?h=225&w=225,Food Cupboard,Instant Noodles & Easy Meals
317197016,Noodle Head Singapore Stir Fried Noodles 200g,£2.50,£12.50/kg,,,False,,False,3.5,17,False,https://www.tesco.com/groceries/en-GB/products/317197016,https://digitalcontent.api.tesco.com/v2/media/ghs/62d5d01e-d480-429b-bcb4-517e9174f279/def65d9a-80e5-4d7e-8c15-037769505c66_1477060929.jpeg?h=225&w=225,Food Cupboard,Instant Noodles & Easy Meals
317041178,Ben's Original Favourites Chicken & Mushroom Risotto 250g,£2.50,£10.00/kg,£2.00 Clubcard Price,(£8.00/kg),True,Offer valid for delivery from 19/03/2025 until 13/05/2025,False,4.3,76,False,https://www.tesco.com/groceries/en-GB/products/317041178,https://digitalcontent.api.tesco.com/v2/media/ghs/dfc392d7-4a2a-4031-b15b-cc95825cef56/1c1eaa74-fb30-4b20-8f1f-bad8a8546d94_191305024.jpeg?h=225&w=225,Food Cupboard,Instant Noodles & Easy Meals
317182794,Noodle Head Stir Fried Mayhem Noodles - Bang Bang 200g,£2.50,£12.50/kg,,,False,,False,4.4,7,False,https://www.tesco.com/groceries/en-GB/products/317182794,https://digitalcontent.api.tesco.com/v2/media/ghs/6af236d3-1ee2-4d44-a996-8c6a4e28c89b/90728cd8-a890-40c7-9a61-77dbfaa4d80a_1526449037.jpeg?h=225&w=225,Food Cupboard,Instant Noodles & Easy Meals
317070581,Bens Original Favourites Paella Chorizo and Vegetable Microwave Rice Meal 250g,£2.50,£10.00/kg,£2.00 Clubcard Price,(£8.00/kg),True,Offer valid for delivery from 19/03/2025 until 13/05/2025,False,4.2,78,False,https://www.tesco.com/groceries/en-GB/products/317070581,https://digitalcontent.api.tesco.com/v2/media/ghs/239ca1e8-cb80-43d9-801e-83738c5f2d8e/c0af7e22-3e40-4228-b4c7-5319bba482ed_1779651685.jpeg?h=225&w=225,Food Cupboard,Instant Noodles & Easy Meals
317209373,Noodle Head Me Goreng Stir Fried Noodles 200g,£2.50,£12.50/kg,,,False,,False,,6,False,https://www.tesco.com/groceries/en-GB/products/317209373,https://digitalcontent.api.tesco.com/v2/media/ghs/a49f87b2-7779-4005-ab4f-bffae991ba49/2ef452f0-592b-4392-8522-8342960e934b_845484709.jpeg?h=225&w=225,Food Cupboard,Instant Noodles & Easy Meals
317294304,Noodle Head Szechuan Stir Fried Noodles 200g,£2.50,£12.50/kg,,,False,,False,,7,False,https://www.tesco.com/groceries/en-GB/products/317294304,https://digitalcontent.api.tesco.com/v2/media/ghs/20aa7841-21f8-426f-b5d6-51e213ab13b0/2ece75de-c4b5-4f62-8d6d-d1c28e31f42c_281254523.jpeg?h=225&w=225,Food Cupboard,Instant Noodles & Easy Meals
317401640,Veetee Stir'd Aromatic Pilau 100g,£2.00,£20.00/kg,£1.00 Half Price Clubcard Price,(£10.00/kg),True,Offer valid for delivery from 16/04/2025 until 10/06/2025,False,,7,False,https://www.tesco.com/groceries/en-GB/products/317401640,https://digitalcontent.api.tesco.com/v2/media/ghs/5b30dbd2-52d5-4a72-84dc-6ddca67d4158/febfb559-db91-44fa-9fe5-3bd6400dc967_1605999253.jpeg?h=225&w=225,Food Cupboard,Instant Noodles & Easy Meals
321680918,Merchant Gourmet 3-Bean & Lentil Chilli 280g,£2.50,£8.93/kg,,,False,,False,,,False,https://www.tesco.com/groceries/en-GB/products/321680918,https://digitalcontent.api.tesco.com/v2/media/ghs/8eebbdd9-e1d9-4209-adb8-2a23a8b6587b/954375fe-4203-45f1-8a62-33d4ac7dc88e_12147793.jpeg?h=225&w=225,Food Cupboard,Instant Noodles & Easy Meals
321323110,Merchant Gourmet Thai Green Lentil Curry 280g,£2.50,£8.93/kg,,,False,,False,,,False,https://www.tesco.com/groceries/en-GB/products/321323110,https://digitalcontent.api.tesco.com/v2/media/ghs/fec005d6-1514-458b-b8a7-14bf9ccd580a/ab158677-b6b4-453f-bd0a-59cb1707c005_1110561051.jpeg?h=225&w=225,Food Cupboard,Instant Noodles & Easy Meals
321526711,Merchant Gourmet Lentil & Chickpea Tagine 280g,£2.50,£8.93/kg,,,False,,False,,,False,https://www.tesco.com/groceries/en-GB/products/321526711,https://digitalcontent.api.tesco.com/v2/media/ghs/b5247940-6190-4e26-b5d9-4052495246a4/b2329211-4cd0-4604-9bbc-569e6d25f436_460781750.jpeg?h=225&w=225,Food Cupboard,Instant Noodles & Easy Meals
315164053,The Gym Kitchen Piri Piri Grains 250g,£2.00,£8.00/kg,£1.50 Save 25% Clubcard Price,(£6.00/kg),True,Offer valid for delivery from 16/04/2025 until 13/05/2025,False,3.8,4,False,https://www.tesco.com/groceries/en-GB/products/315164053,https://digitalcontent.api.tesco.com/v2/media/ghs/e57ec174-730a-4966-8ef9-ea7abd275761/9137fad4-71e2-4b4d-b6c0-b2d0a388dbcb_497771224.jpeg?h=225&w=225,Food Cupboard,Instant Noodles & Easy Meals
315077818,The Gym Kitchen Tikka Dahl 250g,£2.00,£8.00/kg,£1.50 Save 25% Clubcard Price,(£6.00/kg),True,Offer valid for delivery from 16/04/2025 until 13/05/2025,False,,4,False,https://www.tesco.com/groceries/en-GB/products/315077818,https://digitalcontent.api.tesco.com/v2/media/ghs/1ae7dba4-3375-4b21-aac8-cfb9f5ac18e1/f6acbc24-823e-43e0-9a22-c02b6dd13e2e_531798228.jpeg?h=225&w=225,Food Cupboard,Instant Noodles & Easy Meals
312713682,Tesco Tomato & Basil Pasta 200G,£1.25,£6.25/kg,,,False,,False,4.3,9,False,https://www.tesco.com/groceries/en-GB/products/312713682,https://digitalcontent.api.tesco.com/v2/media/ghs/f5f9d0cb-4fab-44fe-bead-01b03aa8f7cb/152ff40f-6cd3-45b7-afea-047d63255e14_65556975.jpeg?h=225&w=225,Food Cupboard,Instant Noodles & Easy Meals
317410750,Merchant Gourmet Black Dhal 250g,£2.50,£10.00/kg,,,False,,False,,,False,https://www.tesco.com/groceries/en-GB/products/317410750,https://digitalcontent.api.tesco.com/v2/media/ghs/009b3571-4e98-49e9-ab2f-f4643ff896db/ee39e8bc-fed5-4c5e-a1ca-315e95c87e4b_130111827.jpeg?h=225&w=225,Food Cupboard,Instant Noodles & Easy Meals
317415664,Veetee West African Jollof Inspired Rice 250g,£1.40,£5.60/kg,£1.25 Clubcard Price,(£5.00/kg),True,Offer valid for delivery from 16/04/2025 until 13/05/2025,False,,5,False,https://www.tesco.com/groceries/en-GB/products/317415664,https://digitalcontent.api.tesco.com/v2/media/ghs/10360c77-d5e4-471c-87be-0019415f943e/8a68b5c7-b660-4890-9309-30649d611b31_288589784.jpeg?h=225&w=225,Food Cupboard,Instant Noodles & Easy Meals
312339589,Tesco Mac & Cheese Pasta 200G,£1.25,£0.62/100g,,,False,,False,2.5,20,False,https://www.tesco.com/groceries/en-GB/products/312339589,https://digitalcontent.api.tesco.com/v2/media/ghs/2fed020d-31eb-4f80-bb78-bd99b96e0e2f/ff503f30-6839-4d26-8948-e39671af38cc_707687905.jpeg?h=225&w=225,Food Cupboard,Instant Noodles & Easy Meals
317309681,Veetee Korean Gochujang Inspired Rice Tray 250g,£1.40,£5.60/kg,£1.25 Clubcard Price,(£5.00/kg),True,Offer valid for delivery from 16/04/2025 until 13/05/2025,False,,6,False,https://www.tesco.com/groceries/en-GB/products/317309681,https://digitalcontent.api.tesco.com/v2/media/ghs/08cb3185-7a89-4ca7-bd11-9437269a34f7/f862537f-bddf-48c8-ab0f-2eb352471034_1856478145.jpeg?h=225&w=225,Food Cupboard,Instant Noodles & Easy Meals
317058585,Veetee Indonesian Nasi Goreng Inspired Rice Tray 250g,£1.40,£5.60/kg,£1.25 Clubcard Price,(£5.00/kg),True,Offer valid for delivery from 16/04/2025 until 13/05/2025,False,4.9,7,False,https://www.tesco.com/groceries/en-GB/products/317058585,https://digitalcontent.api.tesco.com/v2/media/ghs/4965752f-db71-420a-885b-54a0682ce3dd/f9fba853-bddf-449a-a865-4c63bf0a72ee_1318860003.jpeg?h=225&w=225,Food Cupboard,Instant Noodles & Easy Meals
317068613,"Merchant Gourmet Mango, Chilli & Lime Wholegrain Rice 250g",£2.00,£8.00/kg,,,False,,False,,,False,https://www.tesco.com/groceries/en-GB/products/317068613,https://digitalcontent.api.tesco.com/v2/media/ghs/5a4d1c29-d6f7-428c-a047-2daeb25dff25/0f384eaf-6890-4fb0-9343-33a971495555_1798260328.jpeg?h=225&w=225,Food Cupboard,Instant Noodles & Easy Meals
321656845,"Merchant Gourmet Garlic, Ginger & Soy Rice 250g",£2.00,£8.00/kg,,,False,,False,,,False,https://www.tesco.com/groceries/en-GB/products/321656845,https://digitalcontent.api.tesco.com/v2/media/ghs/10a5e6f4-e02e-4515-8aa7-f91fd052822e/f17c6758-fe8d-4770-9f7a-1cb34ed7e26b_1660624201.jpeg?h=225&w=225,Food Cupboard,Instant Noodles & Easy Meals
321674990,Merchant Gourmet Tricolour Jasmine Rice 250g,£2.00,£8.00/kg,,,False,,False,,,False,https://www.tesco.com/groceries/en-GB/products/321674990,https://digitalcontent.api.tesco.com/v2/media/ghs/08f359f6-3a5e-4255-bdba-357df9610614/1dab41f9-6041-406f-bd9f-141f94ff0369_738011587.jpeg?h=225&w=225,Food Cupboard,Instant Noodles & Easy Meals
317198194,The Gym Kitchen High Protein Chicken & Mushroom Flavour Noodles 64g,£1.50,£23.44/kg,£1.25 Clubcard Price,(£19.53/kg),True,Offer valid for delivery from 19/03/2025 until 13/05/2025,False,2.1,14,False,https://www.tesco.com/groceries/en-GB/products/317198194,https://digitalcontent.api.tesco.com/v2/media/ghs/cbdff9b4-07ef-4cfd-9967-bd8e9d4fb55d/b5a41dd7-cd11-478a-b7a1-b18f1e48ea4a_244704629.jpeg?h=225&w=225,Food Cupboard,Instant Noodles & Easy Meals
317396800,The Gym Kitchen High Protein Original Curry Flavour Noodles 64g,£1.50,£23.44/kg,£1.25 Clubcard Price,(£19.53/kg),True,Offer valid for delivery from 19/03/2025 until 13/05/2025,False,2.1,8,False,https://www.tesco.com/groceries/en-GB/products/317396800,https://digitalcontent.api.tesco.com/v2/media/ghs/ad937762-3f04-46c9-84ec-f3404b88be03/0327ff40-6ba2-46dd-9bb3-605d535593c5_304341311.jpeg?h=225&w=225,Food Cupboard,Instant Noodles & Easy Meals
316792281,Sharwood's Curry & Rice Chicken Tikka 70g,£1.25,£17.86/kg,,,False,,False,4.5,34,False,https://www.tesco.com/groceries/en-GB/products/316792281,https://digitalcontent.api.tesco.com/v2/media/ghs/e04cdcc6-4390-4ee6-9ad8-33f4dbb903b8/08fb47ec-4c81-4f47-b472-f18ae60ba0f8_1752591137.jpeg?h=225&w=225,Food Cupboard,Instant Noodles & Easy Meals
316532857,Sharwood's Butter Chicken Instant Curry & Rice Pot 70g,£1.25,£17.86/kg,,,False,,False,4.6,34,False,https://www.tesco.com/groceries/en-GB/products/316532857,https://digitalcontent.api.tesco.com/v2/media/ghs/bf843b3c-f709-430b-b09a-1fed017f27ef/490f3705-a02f-4223-88ac-116f2d9a52fb_646730083.jpeg?h=225&w=225,Food Cupboard,Instant Noodles & Easy Meals
316933490,Sharwood's Curry & Rice Chicken Korma 70g,£1.25,£17.86/kg,,,False,,False,4.6,35,False,https://www.tesco.com/groceries/en-GB/products/316933490,https://digitalcontent.api.tesco.com/v2/media/ghs/7c4032c0-a348-4101-a1e8-056d6ee4c4d6/ad420dbc-6578-4ccc-a357-0db1c81b5cc4_429366837.jpeg?h=225&w=225,Food Cupboard,Instant Noodles & Easy Meals
317064139,Ramen Head Tasty Noodles With A Singapore Laksa Broth 450g,£3.50,£7.78/kg,,,False,,False,4.9,10,False,https://www.tesco.com/groceries/en-GB/products/317064139,https://digitalcontent.api.tesco.com/v2/media/ghs/a89e08a8-72f0-4061-86bd-3a1cf08bd5c8/a5861f62-9348-452d-a206-bded007868e0_1830400239.jpeg?h=225&w=225,Food Cupboard,Instant Noodles & Easy Meals
317186853,Ramenhead Tom Yum Noodle & Broth 450g,£3.50,£7.78/kg,,,False,,False,,10,False,https://www.tesco.com/groceries/en-GB/products/317186853,https://digitalcontent.api.tesco.com/v2/media/ghs/c9556077-9a71-4531-bfa4-e2d96a7db034/008287d7-e16d-4063-940b-6a4eff4d94d1_774349388.jpeg?h=225&w=225,Food Cupboard,Instant Noodles & Easy Meals
317309053,Ramenhead Teriyaki Noodle & Broth 450g,£3.50,£7.78/kg,,,False,,False,,5,False,https://www.tesco.com/groceries/en-GB/products/317309053,https://digitalcontent.api.tesco.com/v2/media/ghs/cfd6c798-5d13-4cee-852d-1e6b7b87b1f5/b5684698-837c-4251-aa9a-f0cd6627a03c_489448595.jpeg?h=225&w=225,Food Cupboard,Instant Noodles & Easy Meals
317210007,Ramen Head Tasty Noodles With A Sriracha Broth 450g,£3.50,£7.78/kg,,,False,,False,,5,False,https://www.tesco.com/groceries/en-GB/products/317210007,https://digitalcontent.api.tesco.com/v2/media/ghs/48bf80c4-697e-4565-a21b-a340dd337725/e6eebe9d-f697-47e5-9e12-d345441b400f_535157611.jpeg?h=225&w=225,Food Cupboard,Instant Noodles & Easy Meals
317292744,Ramenhead Garlic Mushroom Noodle & Broth 450g,£3.50,£7.78/kg,,,False,,False,4.5,17,False,https://www.tesco.com/groceries/en-GB/products/317292744,https://digitalcontent.api.tesco.com/v2/media/ghs/4a6dfac6-7420-445e-88b5-2314999ef62b/e731a79d-a628-45e0-bbc4-950bd8ab9152_75139087.jpeg?h=225&w=225,Food Cupboard,Instant Noodles & Easy Meals
317058239,Ramenhead Szechuan Noodle & Broth 450g,£3.50,£7.78/kg,,,False,,False,4.2,5,False,https://www.tesco.com/groceries/en-GB/products/317058239,https://digitalcontent.api.tesco.com/v2/media/ghs/d3bb159a-9c00-4271-84da-1147835ba775/c284f055-5736-4e90-a90a-63f073b2ac52_361840062.jpeg?h=225&w=225,Food Cupboard,Instant Noodles & Easy Meals
317294828,Ramenhead Miso Noodle & Broth 450g,£3.50,£7.78/kg,,,False,,False,4.6,9,False,https://www.tesco.com/groceries/en-GB/products/317294828,https://digitalcontent.api.tesco.com/v2/media/ghs/ebe86e9c-404f-43fc-910b-15afe4d41955/dd88d579-6192-4a62-b44b-0100dd69c0e4_1682535780.jpeg?h=225&w=225,Food Cupboard,Instant Noodles & Easy Meals
317187489,Thai Dragon Chilli and Sriracha Noodle Bowl 240g,£2.20,£9.17/kg,£1.95 Clubcard Price,(£8.13/kg),True,Offer valid for delivery from 18/04/2025 until 11/06/2025,False,,1,False,https://www.tesco.com/groceries/en-GB/products/317187489,https://digitalcontent.api.tesco.com/v2/media/ghs/c8ed381c-9eaf-4fba-b02c-9117ce7d7d7a/2f7cd057-fd7f-4a84-99bc-4a94f2328957_2005355842.jpeg?h=225&w=225,Food Cupboard,Instant Noodles & Easy Meals
317285920,Ramenhead Tan Tan Noodle & Broth 450g,£3.50,£7.78/kg,,,False,,False,3.7,9,False,https://www.tesco.com/groceries/en-GB/products/317285920,https://digitalcontent.api.tesco.com/v2/media/ghs/aa8f0de9-7dbe-4061-b3ef-fe8036f5e08c/0e7920ee-cc9d-4c2d-a169-dcdfabcec937_813510664.jpeg?h=225&w=225,Food Cupboard,Instant Noodles & Easy Meals
316073337,Sun Hee Udon Noodle Bowl - Sesame Teriyaki 240g,£2.20,£9.17/kg,£1.95 Clubcard Price,(£8.13/kg),True,Offer valid for delivery from 18/04/2025 until 11/06/2025,False,4.4,5,False,https://www.tesco.com/groceries/en-GB/products/316073337,https://digitalcontent.api.tesco.com/v2/media/ghs/ce7fdb1b-70f7-4ec0-bf33-201ae1b4b64a/be87d2ed-95c0-4ee1-975c-b6a20983846d_1032985355.jpeg?h=225&w=225,Food Cupboard,Instant Noodles & Easy Meals
316065249,Sun Hee Udon Noodle Bowl - Sweet & Sour 240g,£2.20,£9.17/kg,£1.95 Clubcard Price,(£8.13/kg),True,Offer valid for delivery from 18/04/2025 until 11/06/2025,False,4.2,5,False,https://www.tesco.com/groceries/en-GB/products/316065249,https://digitalcontent.api.tesco.com/v2/media/ghs/1e608a95-d9d4-4b9c-92c0-8fedb8107fb4/534c7e5c-9458-42eb-868b-5f3e7323be75_470700726.jpeg?h=225&w=225,Food Cupboard,Instant Noodles & Easy Meals
315466387,Sun Hee - Gochujang Udon Noodle Bowl 240g,£2.20,£9.17/kg,£1.95 Clubcard Price,(£8.13/kg),True,Offer valid for delivery from 18/04/2025 until 11/06/2025,False,,4,False,https://www.tesco.com/groceries/en-GB/products/315466387,https://digitalcontent.api.tesco.com/v2/media/ghs/64724eec-2cb8-4f4e-a6cc-5f4c43cc9c01/dde0dcd0-bba3-42d9-b07d-c7e269200c1c_1065799387.jpeg?h=225&w=225,Food Cupboard,Instant Noodles & Easy Meals
317537447,Thai Dragon Pad Thai Noodle Bowl with Sriracha Sauce 240g,£2.20,£9.17/kg,£1.95 Clubcard Price,(£8.13/kg),True,Offer valid for delivery from 18/04/2025 until 11/06/2025,False,,,False,https://www.tesco.com/groceries/en-GB/products/317537447,https://digitalcontent.api.tesco.com/v2/media/ghs/6c280056-b44d-478a-aef6-3d087050636c/ea966b4f-4be9-4196-88e8-dbaad02ee93a_723623004.jpeg?h=225&w=225,Food Cupboard,Instant Noodles & Easy Meals
317312774,Mac 'N' Cheese Head Sriracha Macaroni & Cheese 200g,£2.50,£12.50/kg,£2.20 Clubcard Price,(£11.00/kg),True,Offer valid for delivery from 16/04/2025 until 13/05/2025,False,4.4,14,False,https://www.tesco.com/groceries/en-GB/products/317312774,https://digitalcontent.api.tesco.com/v2/media/ghs/c9905b40-b8f5-4cf3-843a-b788f79994f3/0e464268-ff14-46de-ab87-28d984a9c498_491111364.jpeg?h=225&w=225,Food Cupboard,Instant Noodles & Easy Meals
315976526,Sun Hee - Spicy Kung Pao Udon Noodle Bowl 240g,£2.20,£0.92/100g,£1.95 Clubcard Price,(£0.81/100g),True,Offer valid for delivery from 18/04/2025 until 11/06/2025,False,,3,False,https://www.tesco.com/groceries/en-GB/products/315976526,https://digitalcontent.api.tesco.com/v2/media/ghs/d993f21b-2253-4acc-b899-a8f4882d2d45/207ffb7b-217f-4fda-9b54-5e16d6b19b4d_557806972.jpeg?h=225&w=225,Food Cupboard,Instant Noodles & Easy Meals
315057324,The Gym Kitchen Barbeque Lentils 250g,£2.00,£8.00/kg,£1.50 Save 25% Clubcard Price,(£6.00/kg),True,Offer valid for delivery from 16/04/2025 until 13/05/2025,False,,5,False,https://www.tesco.com/groceries/en-GB/products/315057324,https://digitalcontent.api.tesco.com/v2/media/ghs/a640154a-70be-435e-aca6-29afa3ed5300/57ea3825-9c09-4ee2-943c-fb75eb7aa441_1633954405.jpeg?h=225&w=225,Food Cupboard,Instant Noodles & Easy Meals
268589416,Schwartz Moroccan Seasoning 40g,£2.00,£0.50/10g,Any 2 for £3.50 Clubcard Price - Selected Schwartz Seasonings,,True,Offer valid for delivery from 21/02/2025 until 09/07/2025,False,,12,True,https://www.tesco.com/groceries/en-GB/products/268589416,https://digitalcontent.api.tesco.com/v2/media/ghs/a3cc8253-cd59-4b67-ae8e-ba2c9e1a85f2/05bb51ec-40a7-418a-bcd1-35724305606d_1838298221.jpeg?h=225&w=225,Food Cupboard,Cooking Ingredients
254919066,Schwartz Flat Leaf Parsley 3g,£2.00,£6.67/10g,Any 2 for £3.50 Clubcard Price - Selected Schwartz Seasonings,,True,Offer valid for delivery from 21/02/2025 until 09/07/2025,False,,5,True,https://www.tesco.com/groceries/en-GB/products/254919066,https://digitalcontent.api.tesco.com/v2/media/ghs/28ed998c-f716-4e7f-9704-9f700a640f7c/b9f3744b-1ce9-40d2-b912-eb84003297f2_1395064652.jpeg?h=225&w=225,Food Cupboard,Cooking Ingredients
255680293,Schwartz Piri Piri Seasoning 39g,£2.00,£0.51/10g,Any 2 for £3.50 Clubcard Price - Selected Schwartz Seasonings,,True,Offer valid for delivery from 21/02/2025 until 09/07/2025,False,4.9,34,True,https://www.tesco.com/groceries/en-GB/products/255680293,https://digitalcontent.api.tesco.com/v2/media/ghs/4ef701db-148f-4e6e-bee0-1eaa33673d53/f98d9485-e02f-4446-bffd-2d7eb8d64c5f_862297162.jpeg?h=225&w=225,Food Cupboard,Cooking Ingredients
267792286,Ktc Olive Pomace Oil 5 Litres,£24.00,£0.48/100ml,,,False,,False,,,False,https://www.tesco.com/groceries/en-GB/products/267792286,https://digitalcontent.api.tesco.com/v2/media/ghs/eedbfa75-5ee8-43d5-995a-c45c64f38791/b59db0ae-1f61-4b3c-ae7b-ed72b23ead61_2049561807.jpeg?h=225&w=225,Food Cupboard,Cooking Ingredients
267772834,KTC Olive-Pomace Oil Blend 1 Litre,£6.00,£0.60/100ml,,,False,,False,,,False,https://www.tesco.com/groceries/en-GB/products/267772834,https://digitalcontent.api.tesco.com/v2/media/ghs/9223545b-ef65-4b21-b446-466199130fd6/7d998d48-ffb0-41e2-919d-a1413f466bbc_42790227.jpeg?h=225&w=225,Food Cupboard,Cooking Ingredients
304393443,Tesco Goose Fat 320G,£4.30,£1.34/100g,£3.75 Clubcard Price,(£1.17/100g),True,Offer valid for delivery from 19/03/2025 until 22/04/2025,False,4.6,44,False,https://www.tesco.com/groceries/en-GB/products/304393443,https://digitalcontent.api.tesco.com/v2/media/ghs/28053590-94e7-43a2-b2a6-cf052069b0f6/a2121979-d4c6-4370-8624-5d6039acf405_729227590.jpeg?h=225&w=225,Food Cupboard,Cooking Ingredients
309468739,Tesco Goose Fat 220G,£3.10,£14.09/kg,,,False,,False,4.7,33,False,https://www.tesco.com/groceries/en-GB/products/309468739,https://digitalcontent.api.tesco.com/v2/media/ghs/f064e25d-78be-44a5-981a-71d1270bb0c4/2b50a30f-a52f-4778-8e9e-c912d487ff93_2054220470.jpeg?h=225&w=225,Food Cupboard,Cooking Ingredients
254918424,Tesco Olive Oil 1L,£7.00,£0.70/100ml,,,False,,False,4.2,37,False,https://www.tesco.com/groceries/en-GB/products/254918424,https://digitalcontent.api.tesco.com/v2/media/ghs/a7351275-c004-4775-b875-59fb2e3ae396/f0ce506d-8a54-4529-8fab-81a1f0a42b22_730451466.jpeg?h=225&w=225,Food Cupboard,Cooking Ingredients
254516076,Tesco Extra Virgin Olive Oil 1Ltr,,,,,False,,False,3.8,43,False,https://www.tesco.com/groceries/en-GB/products/254516076,https://digitalcontent.api.tesco.com/v2/media/ghs/a6906d7a-9ede-4dfe-b592-1938eba1fdf7/6fdac285-670c-42b4-96fd-b3791d90257a_804181636.jpeg?h=225&w=225,Food Cupboard,Cooking Ingredients
257949060,Very Lazy Garlic 200G,£1.95,£0.10/10g,,,False,,False,3.1,48,False,https://www.tesco.com/groceries/en-GB/products/257949060,https://digitalcontent.api.tesco.com/v2/media/ghs/768955f5-a71e-47ae-98af-41fa044e5a75/7b6fe545-c2b8-4c30-8287-6a7b923ec110_198283510.jpeg?h=225&w=225,Food Cupboard,Cooking Ingredients
280517479,Tesco Finest Chicken Gravy 350Ml,£2.40,£0.69/100ml,,,False,,False,4.1,53,False,https://www.tesco.com/groceries/en-GB/products/280517479,https://digitalcontent.api.tesco.com/v2/media/ghs/d2e88b4c-8d46-4147-9504-74892c173a3f/018c7206-7922-4896-a2be-4c1dbc0c93bc_1795484942.jpeg?h=225&w=225,Food Cupboard,Cooking Ingredients
311795683,Bisto Best Beef Gravy Granules 230g,£2.99,£1.30/100g,,,False,,False,4.3,66,False,https://www.tesco.com/groceries/en-GB/products/311795683,https://digitalcontent.api.tesco.com/v2/media/ghs/59b4033f-97a7-4467-b1d8-37e49fb5a764/6e96dba7-98df-44da-86e3-cb2c8cb06345_563024275.jpeg?h=225&w=225,Food Cupboard,Cooking Ingredients
312210021,Bisto Best Chicken Gravy Granules 230g,£2.99,£1.30/100g,,,False,,False,4.5,56,False,https://www.tesco.com/groceries/en-GB/products/312210021,https://digitalcontent.api.tesco.com/v2/media/ghs/3a395b7f-d82c-4443-9720-5cd8bead72c9/d8038625-8b4c-4d6f-87ff-431ead6ccdf5_2068232847.jpeg?h=225&w=225,Food Cupboard,Cooking Ingredients
258030678,Tesco Cooking Salt 1.5Kg,£1.90,£1.27/kg,,,False,,False,4.5,38,False,https://www.tesco.com/groceries/en-GB/products/258030678,https://digitalcontent.api.tesco.com/v2/media/ghs/2936e17a-7396-45e6-a10e-4f8f23ea9392/2836d704-9bd3-463b-a805-e838f47bc8a0_2135229251.jpeg?h=225&w=225,Food Cupboard,Cooking Ingredients
299667790,Paxo Sage & Onion Stuffing Mix 340G,£3.50,£1.03/100g,,,False,,False,4.7,42,False,https://www.tesco.com/groceries/en-GB/products/299667790,https://digitalcontent.api.tesco.com/v2/media/ghs/3749b047-e283-4200-b901-a525ae7825ed/659d6ea8-9f86-4d4e-b0dd-71dff3b895a2_1954748336.jpeg?h=225&w=225,Food Cupboard,Cooking Ingredients
254918067,Tesco Pure Vegetable Oil 1L,£1.99,£0.20/100ml,,,False,,False,3.3,90,False,https://www.tesco.com/groceries/en-GB/products/254918067,https://digitalcontent.api.tesco.com/v2/media/ghs/b4f1438a-e8ca-4934-b946-71eb871b42ee/d41b7e01-46ba-424b-8c50-b0f18b473ead_2083114232.jpeg?h=225&w=225,Food Cupboard,Cooking Ingredients
254918228,Tesco Pure Sunflower Oil 1L,£1.99,£0.20/100ml,,,False,,False,3.3,64,False,https://www.tesco.com/groceries/en-GB/products/254918228,https://digitalcontent.api.tesco.com/v2/media/ghs/b31cc89e-eea1-428c-84ed-760d089b2082/4df63ea1-f688-4b26-9c54-f7113f0a170b_214542600.jpeg?h=225&w=225,Food Cupboard,Cooking Ingredients
254881051,Oxo Beef Stock Cubes 12 Pack 71g,£2.40,£3.38/100g,£2.00 Clubcard Price,(£2.82/100g),True,Offer valid for delivery from 19/02/2025 until 22/04/2025,False,4.5,58,False,https://www.tesco.com/groceries/en-GB/products/254881051,https://digitalcontent.api.tesco.com/v2/media/ghs/0f1ad656-388c-419a-b07d-6ca560de14d2/d4eca724-3300-488b-b7e1-3e07ede05b95_206888556.jpeg?h=225&w=225,Food Cupboard,Cooking Ingredients
254881114,Oxo Chicken Stock Cubes 12 Pack 71g,£2.40,£3.38/100g,£2.00 Clubcard Price,(£2.82/100g),True,Offer valid for delivery from 19/02/2025 until 22/04/2025,False,4.1,65,False,https://www.tesco.com/groceries/en-GB/products/254881114,https://digitalcontent.api.tesco.com/v2/media/ghs/7e03dedd-564f-4477-a81e-9a784d81bb79/013ac66a-52d2-4f2b-8bf5-a0562cdd2225_488638598.jpeg?h=225&w=225,Food Cupboard,Cooking Ingredients
273960228,Knorr Chicken Stock Pot 8x28g,£2.49,£1.11/100g,,,False,,False,4.3,145,False,https://www.tesco.com/groceries/en-GB/products/273960228,https://digitalcontent.api.tesco.com/v2/media/ghs/52192d4f-8761-4ce0-8bb6-8a62dc4e3590/6351e240-5b82-4551-9593-81d2f9afbbbb_1316016496.jpeg?h=225&w=225,Food Cupboard,Cooking Ingredients
254881241,Knorr Chicken Stock Cubes 8 x 10g,£2.00,£2.50/100g,,,False,,False,4.5,219,False,https://www.tesco.com/groceries/en-GB/products/254881241,https://digitalcontent.api.tesco.com/v2/media/ghs/deae73e1-4ea0-457a-b74b-68d841770dc2/0280d22e-876e-4e8e-9f9e-e44b07c6acae_1067442398.jpeg?h=225&w=225,Food Cupboard,Cooking Ingredients
309449428,Bisto Favourite Gravy Granules 190G,£2.80,£1.47/100g,£2.00 Clubcard Price,(£1.05/100g),True,Offer valid for delivery from 19/02/2025 until 22/04/2025,False,4.4,46,False,https://www.tesco.com/groceries/en-GB/products/309449428,https://digitalcontent.api.tesco.com/v2/media/ghs/90a6fd40-f164-4529-964b-0721e63e6a73/fd425ad0-b241-4174-baf1-391e584ac407_969383658.jpeg?h=225&w=225,Food Cupboard,Cooking Ingredients
309481354,Bisto Chicken Gravy Granules 190G,£2.80,£1.47/100g,£2.00 Clubcard Price,(£1.05/100g),True,Offer valid for delivery from 19/02/2025 until 22/04/2025,False,4.7,42,False,https://www.tesco.com/groceries/en-GB/products/309481354,https://digitalcontent.api.tesco.com/v2/media/ghs/33246e99-a72c-4aec-82d8-0c04ceffd074/dc44cbe7-e1f4-41ef-bd0b-5c40ca4e937e_554653630.jpeg?h=225&w=225,Food Cupboard,Cooking Ingredients
299667778,Paxo Sage & Onion Stuffing Mix 170G,£2.40,£1.41/100g,£2.00 Clubcard Price,(£1.18/100g),True,Offer valid for delivery from 19/02/2025 until 22/04/2025,False,4.5,71,False,https://www.tesco.com/groceries/en-GB/products/299667778,https://digitalcontent.api.tesco.com/v2/media/ghs/c4938fe0-cf66-44ce-a0ed-bcaadd503947/780907bf-b35b-4124-8424-ebcb6b6ada35_1981339987.jpeg?h=225&w=225,Food Cupboard,Cooking Ingredients
309181679,Bisto Reduced Salt Gravy Granules 190G,£2.80,£1.47/100g,£2.00 Clubcard Price,(£1.05/100g),True,Offer valid for delivery from 19/02/2025 until 22/04/2025,False,4.6,48,False,https://www.tesco.com/groceries/en-GB/products/309181679,https://digitalcontent.api.tesco.com/v2/media/ghs/72e52311-28a6-4eef-8eb6-aec7a28d62f9/5b7e25fb-5343-4b33-8733-1ca018d17060_7340841.jpeg?h=225&w=225,Food Cupboard,Cooking Ingredients
264545918,Tesco Vegetable Stock Cubes 10 Pack 100g,£1.10,£1.10/100g,,,False,,False,3.1,39,False,https://www.tesco.com/groceries/en-GB/products/264545918,https://digitalcontent.api.tesco.com/v2/media/ghs/8a7fe417-3455-4611-998f-cec5479718ee/5383edae-75ac-4e3f-8d97-be38f10ff425_973057736.jpeg?h=225&w=225,Food Cupboard,Cooking Ingredients
299610990,Bisto Original Gravy Powder 200g,£2.80,£1.40/100g,,,False,,False,4.2,35,False,https://www.tesco.com/groceries/en-GB/products/299610990,https://digitalcontent.api.tesco.com/v2/media/ghs/43c6c705-66ea-4d11-a021-791add1a5dce/bf4918e0-9b90-4742-9f6a-9aeb86aa3882_1201266749.jpeg?h=225&w=225,Food Cupboard,Cooking Ingredients
287851797,Tesco Garlic Granules 56G,£1.00,£0.18/10g,,,False,,False,3.4,43,False,https://www.tesco.com/groceries/en-GB/products/287851797,https://digitalcontent.api.tesco.com/v2/media/ghs/a3363759-c100-4c6f-a5b3-15a356e89a05/94a7d94c-ae17-4979-a1ec-58c435e3de97_1513275325.jpeg?h=225&w=225,Food Cupboard,Cooking Ingredients
255770365,Tesco Smoked Paprika 48G,£1.00,£0.21/10g,,,False,,False,4.5,38,False,https://www.tesco.com/groceries/en-GB/products/255770365,https://digitalcontent.api.tesco.com/v2/media/ghs/0365723b-3e12-4499-9446-94bcb939c5b9/a2dfa8fb-b3a1-46c4-8b88-94b37d340333_402532193.jpeg?h=225&w=225,Food Cupboard,Cooking Ingredients
260739362,East End Ginger Powder 100G,£1.30,£0.13/10g,,,False,,False,,,False,https://www.tesco.com/groceries/en-GB/products/260739362,https://digitalcontent.api.tesco.com/v2/media/ghs/51250ba4-6774-4f6d-a48e-ba66cc07513c/f368322e-db53-42cf-ade1-bdf0830cb38e_145887154.jpeg?h=225&w=225,Food Cupboard,Cooking Ingredients
259338780,Knorr Chicken Stock Pot 4 x 28g,£1.90,£1.70/100g,£1.25 Save 1/3 Clubcard Price,(£1.12/100g),True,Offer valid for delivery from 19/03/2025 until 22/04/2025,False,4.3,148,False,https://www.tesco.com/groceries/en-GB/products/259338780,https://digitalcontent.api.tesco.com/v2/media/ghs/98139a00-4b01-4ff6-9f00-67b03a915d89/362e092a-fa20-4189-ae9e-4274f39fe754_1458936314.jpeg?h=225&w=225,Food Cupboard,Cooking Ingredients
273952198,Knorr Rich Beef Stock Pot 4 x 28g,£1.90,£1.70/100g,£1.25 Save 1/3 Clubcard Price,(£1.12/100g),True,Offer valid for delivery from 19/03/2025 until 22/04/2025,False,4.4,97,False,https://www.tesco.com/groceries/en-GB/products/273952198,https://digitalcontent.api.tesco.com/v2/media/ghs/1b52db3b-9e85-441a-8bae-a7b53ba5dc03/2602dfc9-35fa-4e45-92aa-cda7fa4d0884_1046555493.jpeg?h=225&w=225,Food Cupboard,Cooking Ingredients
289645831,Merchant Gourmet Whole Chestnuts 180G,£2.50,£13.89/kg,£1.75 Clubcard Price,(£9.72/kg),True,Offer valid for delivery from 19/03/2025 until 23/04/2025,False,4.1,39,False,https://www.tesco.com/groceries/en-GB/products/289645831,https://digitalcontent.api.tesco.com/v2/media/ghs/ea37fc3e-4cb7-4e9d-bffb-928851684321/bf788f28-850a-455d-b0f4-a1659bfa62e5_156015048.jpeg?h=225&w=225,Food Cupboard,Cooking Ingredients
307147909,Schwartz Cheddar Cheese Sauce Mix 38G,£0.95,£2.50/100g,Any 4 for £2.45 Clubcard Price - Selected Schwartz Recipe Mix,,True,Offer valid for delivery from 19/02/2025 until 09/07/2025,False,,45,False,https://www.tesco.com/groceries/en-GB/products/307147909,https://digitalcontent.api.tesco.com/v2/media/ghs/afc32950-6c0f-4fe4-96f8-226d347c5605/ab01151b-66b6-4e32-88e0-f48c77530868_584284600.jpeg?h=225&w=225,Food Cupboard,Cooking Ingredients
268392493,Colman's Sausage Casserole Recipe Mix 39G,£0.90,£2.31/100g,65p Clubcard Price,(£1.67/100g),True,Offer valid for delivery from 16/04/2025 until 10/06/2025,False,4.5,57,False,https://www.tesco.com/groceries/en-GB/products/268392493,https://digitalcontent.api.tesco.com/v2/media/ghs/1ce309c0-5ed8-4fae-bc98-39f2a3354d92/6d088f85-c1ff-4478-99a0-78c74aeb59b3_2046725929.jpeg?h=225&w=225,Food Cupboard,Cooking Ingredients
254882228,Colman's Chicken Casserole Recipe Mix 40G,£0.90,£2.25/100g,65p Clubcard Price,(£1.63/100g),True,Offer valid for delivery from 16/04/2025 until 10/06/2025,False,4.5,49,False,https://www.tesco.com/groceries/en-GB/products/254882228,https://digitalcontent.api.tesco.com/v2/media/ghs/a8655e99-b5d7-48f5-a00c-93f367a73695/1de6a7ed-4c81-4fee-ae34-45e598e5830d_894152685.jpeg?h=225&w=225,Food Cupboard,Cooking Ingredients
254882418,Colman's Chilli Con Carne Recipe Mix 50G,£0.90,£1.80/100g,65p Clubcard Price,(£1.30/100g),True,Offer valid for delivery from 16/04/2025 until 10/06/2025,False,4.3,59,False,https://www.tesco.com/groceries/en-GB/products/254882418,https://digitalcontent.api.tesco.com/v2/media/ghs/6fe7b14d-0573-4322-998d-7189b4fc20a0/1a7a5676-12a5-4248-b374-e1a9745b0428_687916862.jpeg?h=225&w=225,Food Cupboard,Cooking Ingredients
254882194,Colman's Beef Casserole Recipe Mix 40G,£0.90,£2.25/100g,65p Clubcard Price,(£1.63/100g),True,Offer valid for delivery from 17/04/2025 until 10/06/2025,False,4.4,38,False,https://www.tesco.com/groceries/en-GB/products/254882194,https://digitalcontent.api.tesco.com/v2/media/ghs/b3e2883b-a5d1-44d1-bb25-6788304d82ab/6e1f575c-6f6e-45da-9a8f-fca5c331c243_1881631617.jpeg?h=225&w=225,Food Cupboard,Cooking Ingredients
254882706,Schwartz Chilli Con Carne Recipe Mix 41g,£0.95,£2.32/100g,Any 4 for £2.45 Clubcard Price - Selected Schwartz Recipe Mix,,True,Offer valid for delivery from 19/02/2025 until 09/07/2025,False,4.5,79,False,https://www.tesco.com/groceries/en-GB/products/254882706,https://digitalcontent.api.tesco.com/v2/media/ghs/2c6aa8a8-357a-4cfd-bbf7-82e0930753b1/fa909799-98a2-4b53-9689-7fa5ef8d4bb7_1691517702.jpeg?h=225&w=225,Food Cupboard,Cooking Ingredients
253126769,Gia Garlic Puree 90G,£0.95,£0.11/10g,,,False,,False,3.6,25,False,https://www.tesco.com/groceries/en-GB/products/253126769,https://digitalcontent.api.tesco.com/v2/media/ghs/0984a5a5-6965-40a9-a30b-bc70dd40bf36/d83514f9-fff6-4427-8580-f7b86075e281_682505242.jpeg?h=225&w=225,Food Cupboard,Cooking Ingredients
255664543,Sarsons Malt Vinegar 250Ml,£1.15,£0.46/100ml,,,False,,False,3.6,32,False,https://www.tesco.com/groceries/en-GB/products/255664543,https://digitalcontent.api.tesco.com/v2/media/ghs/1dc7b4b2-207c-416f-ab0c-a9fb9eecc6b2/85139039-4a3c-4b16-a0d2-d73e64391a83_626876466.jpeg?h=225&w=225,Food Cupboard,Cooking Ingredients
314596194,Knorr Chicken Gravy Pot 4x28g,£2.25,£2.01/100g,,,False,,False,4.5,29,False,https://www.tesco.com/groceries/en-GB/products/314596194,https://digitalcontent.api.tesco.com/v2/media/ghs/84cc34ff-fc0f-4b9b-9729-828acbadf7a9/230c4cde-7def-41e0-9883-e15edae120ca_1798583856.jpeg?h=225&w=225,Food Cupboard,Cooking Ingredients
259557284,Tesco Gravy Granules For Chicken 200G,£0.73,£0.36/100g,,,False,,False,3.9,54,False,https://www.tesco.com/groceries/en-GB/products/259557284,https://digitalcontent.api.tesco.com/v2/media/ghs/2d553164-5946-4b12-a8af-bd38e3a801ce/5ee0af53-7bcb-4e6b-b733-67100a6d20b6_1370616745.jpeg?h=225&w=225,Food Cupboard,Cooking Ingredients
254885093,Tesco Malt Vinegar 568Ml,£0.35,£0.06/100ml,,,False,,False,4.7,99,False,https://www.tesco.com/groceries/en-GB/products/254885093,https://digitalcontent.api.tesco.com/v2/media/ghs/649ea20b-fca8-4280-bb6e-2785b29ed053/fe9bce1f-b51c-4e02-9187-f5ee3f27e32c_1360822815.jpeg?h=225&w=225,Food Cupboard,Cooking Ingredients
255648459,Tesco For Beef Gravy Granules 500g,£1.80,£0.36/100g,,,False,,False,4.6,82,False,https://www.tesco.com/groceries/en-GB/products/255648459,https://digitalcontent.api.tesco.com/v2/media/ghs/b040cb2b-ee05-44ff-8b3b-24c013b4c097/8d5e380e-bf28-40f1-8372-c8a93cdbb9f6_2086266715.jpeg?h=225&w=225,Food Cupboard,Cooking Ingredients
259557163,Tesco Beef Gravy Granules 200G,£0.73,£0.36/100g,,,False,,False,4.4,91,False,https://www.tesco.com/groceries/en-GB/products/259557163,https://digitalcontent.api.tesco.com/v2/media/ghs/c75924e1-cac9-4464-b094-c7308d9060e5/ac9c3207-d99e-4ea3-860b-9e03d69fb5ab_1668327492.jpeg?h=225&w=225,Food Cupboard,Cooking Ingredients
261781314,Tesco Distilled Vinegar 568Ml,£0.35,£0.06/100ml,,,False,,False,3.6,92,False,https://www.tesco.com/groceries/en-GB/products/261781314,https://digitalcontent.api.tesco.com/v2/media/ghs/516f15c3-0b5a-4d18-a750-12440695de82/8d9dceb7-be51-4866-a4a7-bd85cb45f130_895039941.jpeg?h=225&w=225,Food Cupboard,Cooking Ingredients
254881356,Tesco Sage & Onion Stuffing Mix 170G,£0.45,£2.65/kg,,,False,,False,4.5,105,False,https://www.tesco.com/groceries/en-GB/products/254881356,https://digitalcontent.api.tesco.com/v2/media/ghs/de625342-e940-47ab-8b8c-ea0c464be6ce/a15e5b94-cbdb-49aa-ab6a-634f9c718985_936176966.jpeg?h=225&w=225,Food Cupboard,Cooking Ingredients
271168790,Tesco Pure Sunflower Oil 5 Litre,£8.50,£0.17/100ml,,,False,,False,4.5,65,False,https://www.tesco.com/groceries/en-GB/products/271168790,https://digitalcontent.api.tesco.com/v2/media/ghs/5171e50c-763f-4212-b82f-c5349931a05a/bfcc880a-e1a9-490b-92cb-b51a258baa77_88638978.jpeg?h=225&w=225,Food Cupboard,Cooking Ingredients
255593768,Napolina Extra Virgin Olive Oil 500Ml,£7.95,£1.59/100ml,,,False,,False,,3,False,https://www.tesco.com/groceries/en-GB/products/255593768,https://digitalcontent.api.tesco.com/v2/media/ghs/f5621342-d0c0-4ec1-a69c-ca99f2fefd60/f17c86fe-b198-49ae-91f0-83370962c280_384858811.jpeg?h=225&w=225,Food Cupboard,Cooking Ingredients
289130599,Tesco Rock Salt Grinder 100G,£2.70,£27.00/kg,,,False,,False,2.1,32,False,https://www.tesco.com/groceries/en-GB/products/289130599,https://digitalcontent.api.tesco.com/v2/media/ghs/388fb8bf-73f2-4a76-a1fc-ece5b4e30d5d/99282e54-261e-469f-a145-436392a35ab2_1451727051.jpeg?h=225&w=225,Food Cupboard,Cooking Ingredients
254918073,Tesco Pure Vegetable Oil 3L,£5.00,£0.17/100ml,,,False,,False,4.4,47,False,https://www.tesco.com/groceries/en-GB/products/254918073,https://digitalcontent.api.tesco.com/v2/media/ghs/5b95fe0c-558b-4ae5-abf8-967c7fa3ccca/61c7fb65-2bb0-43b6-9ad0-7cc5ac4859f3_1263445153.jpeg?h=225&w=225,Food Cupboard,Cooking Ingredients
256150815,Tesco Whole Black Peppercorns 100G,£2.80,£0.28/10g,,,False,,False,4.6,42,False,https://www.tesco.com/groceries/en-GB/products/256150815,https://digitalcontent.api.tesco.com/v2/media/ghs/7f6f5484-01c7-4064-86e1-86e3e5f4fb7b/a35894b9-e58d-45b1-920c-8fd4eace3044_164507239.jpeg?h=225&w=225,Food Cupboard,Cooking Ingredients
288794183,Tesco Finest Sage & Red Onion Stuffing 130G,£2.40,£18.46/kg,,,False,,False,4.4,34,False,https://www.tesco.com/groceries/en-GB/products/288794183,https://digitalcontent.api.tesco.com/v2/media/ghs/bdeaf199-cd82-48c2-8b08-aa3992baf083/abe13d49-a721-4694-a20e-6bc4a75aa0b8_1648772977.jpeg?h=225&w=225,Food Cupboard,Cooking Ingredients
258061785,Tesco Olive Oil 250Ml,£2.95,£1.18/100ml,,,False,,False,4.6,100,False,https://www.tesco.com/groceries/en-GB/products/258061785,https://digitalcontent.api.tesco.com/v2/media/ghs/f85330b2-815a-4a1d-8bc5-1abac87c8f02/9876ba92-cb93-438a-9f6c-624b660287d1_1540608955.jpeg?h=225&w=225,Food Cupboard,Cooking Ingredients
296921655,Tesco Mixed Herbs 30G 30G,£1.65,£0.55/10g,,,False,,False,4.2,42,False,https://www.tesco.com/groceries/en-GB/products/296921655,https://digitalcontent.api.tesco.com/v2/media/ghs/ec7d3716-1b22-4f5d-9a94-00a3c1f44cd4/2b9c0408-7ee3-40e4-9a8c-8f290e63bcb9_1044028885.jpeg?h=225&w=225,Food Cupboard,Cooking Ingredients
274088977,Frylight Sunflower Oil Spray 190Ml,£2.75,£1.45/100ml,,,False,,False,3.6,18,False,https://www.tesco.com/groceries/en-GB/products/274088977,https://digitalcontent.api.tesco.com/v2/media/ghs/ae204ba5-9c92-40ae-813c-f29423bf6a6f/6f0a36a0-bfd2-42d2-9d8e-65d83355ef0d_628831437.jpeg?h=225&w=225,Food Cupboard,Cooking Ingredients
259028703,Tesco Toasted Sesame Oil 250Ml,£2.60,£1.04/100ml,,,False,,False,,37,False,https://www.tesco.com/groceries/en-GB/products/259028703,https://digitalcontent.api.tesco.com/v2/media/ghs/a27d2c43-52dd-4617-b2c4-323b6cfe2c97/a1c6e02a-7d32-4e95-b3ad-d65c0fe0a397_1815935670.jpeg?h=225&w=225,Food Cupboard,Cooking Ingredients
274089279,Frylight Olive Oil Spray 190Ml,£2.75,£1.45/100ml,,,False,,False,4.1,10,False,https://www.tesco.com/groceries/en-GB/products/274089279,https://digitalcontent.api.tesco.com/v2/media/ghs/6d823440-9f39-4304-9036-0312d357d374/7dd336de-797a-494d-9645-b87f1286c95b_1900958326.jpeg?h=225&w=225,Food Cupboard,Cooking Ingredients
278756935,Tesco Finest Chicken Stock 450Ml,£2.60,£0.58/100ml,,,False,,False,3.7,29,False,https://www.tesco.com/groceries/en-GB/products/278756935,https://digitalcontent.api.tesco.com/v2/media/ghs/3334ed1c-bbd7-4d61-9576-a58b8b884e2a/f98f6d06-a264-4cc3-b6c3-21bbcec30809_829629668.jpeg?h=225&w=225,Food Cupboard,Cooking Ingredients
268486630,Aspall Red Wine Vinegar 350Ml,£1.90,£0.54/100ml,,,False,,False,,,False,https://www.tesco.com/groceries/en-GB/products/268486630,https://digitalcontent.api.tesco.com/v2/media/ghs/919fd58b-e45d-47e0-9757-2deaa708db75/2423b30a-e4b2-405e-90c6-94f839b0d305_1399557022.jpeg?h=225&w=225,Food Cupboard,Cooking Ingredients
314095239,Bisto Chicken Gravy Granules 300g,£3.80,£1.27/100g,£3.00 Clubcard Price,(£1.00/100g),True,Offer valid for delivery from 17/03/2025 until 13/05/2025,False,4.5,38,False,https://www.tesco.com/groceries/en-GB/products/314095239,https://digitalcontent.api.tesco.com/v2/media/ghs/a394acef-15fb-4bb6-a743-ee0714148a4e/ed76f140-f418-439f-bad4-4eb684c429f8_1647880669.jpeg?h=225&w=225,Food Cupboard,Cooking Ingredients
280517456,Tesco Finest Beef Gravy 350Ml,£2.40,£0.69/100ml,,,False,,False,,40,False,https://www.tesco.com/groceries/en-GB/products/280517456,https://digitalcontent.api.tesco.com/v2/media/ghs/ed779d1e-064d-48c1-8ec3-48035e40afa1/3ffd43b4-70ff-497e-a7c9-46741148b1e6_1763807017.jpeg?h=225&w=225,Food Cupboard,Cooking Ingredients
314101199,Bisto Reduced Salt Favourite Gravy Granules 300g,£3.80,£1.27/100g,£3.00 Clubcard Price,(£1.00/100g),True,Offer valid for delivery from 17/03/2025 until 13/05/2025,False,4.4,39,False,https://www.tesco.com/groceries/en-GB/products/314101199,https://digitalcontent.api.tesco.com/v2/media/ghs/34d077c0-6f35-43b9-938d-b11867aac6ea/e869906e-eca9-4a3f-8ce2-e783d2c98d76_1173972811.jpeg?h=225&w=225,Food Cupboard,Cooking Ingredients
254881068,Oxo Beef Stock Cubes 24 Pack 142g,£3.10,£2.18/100g,,,False,,False,4.9,44,False,https://www.tesco.com/groceries/en-GB/products/254881068,https://digitalcontent.api.tesco.com/v2/media/ghs/b09bca14-ddd5-4a60-8f94-18053bc9b565/479add4e-c3eb-45d2-b240-b34d90e71fa1_1090616251.jpeg?h=225&w=225,Food Cupboard,Cooking Ingredients
313840615,Bisto Favourite Gravy Granules 300g,£3.80,£1.27/100g,£3.00 Clubcard Price,(£1.00/100g),True,Offer valid for delivery from 17/03/2025 until 13/05/2025,False,4.6,40,False,https://www.tesco.com/groceries/en-GB/products/313840615,https://digitalcontent.api.tesco.com/v2/media/ghs/622fc2ec-a3b0-4569-9b94-5dfa4a9801e9/3d0159ed-0408-4735-8de3-f3739af86e7f_2136901582.jpeg?h=225&w=225,Food Cupboard,Cooking Ingredients
252077252,Oxo Vegetable Stock Cubes 12 Pack 71g,£2.40,£3.38/100g,£2.00 Clubcard Price,(£2.82/100g),True,Offer valid for delivery from 19/02/2025 until 22/04/2025,False,4.4,53,False,https://www.tesco.com/groceries/en-GB/products/252077252,https://digitalcontent.api.tesco.com/v2/media/ghs/0bad0b9e-f181-47f0-82fa-de8748b70507/7263f83d-5840-42e6-b270-e9f5ed99eb3f_1168363911.jpeg?h=225&w=225,Food Cupboard,Cooking Ingredients
272080384,Oxo Reduced Salt Beef Stock Cubes 12 Pack 71G,£2.40,£3.38/100g,£2.00 Clubcard Price,(£2.82/100g),True,Offer valid for delivery from 19/02/2025 until 22/04/2025,False,4.5,52,False,https://www.tesco.com/groceries/en-GB/products/272080384,https://digitalcontent.api.tesco.com/v2/media/ghs/cea56814-8370-4b1a-96b6-8fb72a34b720/3a97a9fc-0b7f-432b-8b3d-ac44198da254_1429231460.jpeg?h=225&w=225,Food Cupboard,Cooking Ingredients
254296718,Tesco Balsamic Vinegar Of Modena 250Ml,£1.50,£0.60/100ml,,,False,,False,3.6,37,False,https://www.tesco.com/groceries/en-GB/products/254296718,https://digitalcontent.api.tesco.com/v2/media/ghs/9ae98dce-0999-464e-af80-5acb170a159f/3f8d8737-80a8-4ced-bde5-2fbe913f5af4_1287260656.jpeg?h=225&w=225,Food Cupboard,Cooking Ingredients
273967169,Knorr Vegetable Stock Pot 8x28g,£2.49,£1.11/100g,,,False,,False,4.6,121,False,https://www.tesco.com/groceries/en-GB/products/273967169,https://digitalcontent.api.tesco.com/v2/media/ghs/93a10d72-c5bb-463e-b963-b7eed76bb539/73879837-2233-4857-af12-12af5d2b92dc_1607342129.jpeg?h=225&w=225,Food Cupboard,Cooking Ingredients
254881270,Knorr Vegetable Stock Cubes 8 x 10g,£2.00,£2.50/100g,,,False,,False,4.4,163,False,https://www.tesco.com/groceries/en-GB/products/254881270,https://digitalcontent.api.tesco.com/v2/media/ghs/e2b7f993-d6bd-40d8-a2cc-0e3588687b36/f6bc6e25-f54c-466b-bfc1-ba973ecc6812_2059662325.jpeg?h=225&w=225,Food Cupboard,Cooking Ingredients
254881195,Knorr Beef Stock Cubes 8x10g,£2.00,£2.50/100g,,,False,,False,4.7,132,False,https://www.tesco.com/groceries/en-GB/products/254881195,https://digitalcontent.api.tesco.com/v2/media/ghs/2177e0c1-6beb-42d6-8ff5-ee857e31ce93/5c00381a-70e1-4d90-b0b3-518d5e67b2b6_1818652882.jpeg?h=225&w=225,Food Cupboard,Cooking Ingredients
309473069,Bisto Vegetable Gravy Granules 190G,£2.80,£1.47/100g,£2.00 Clubcard Price,(£1.05/100g),True,Offer valid for delivery from 19/02/2025 until 22/04/2025,False,4.5,48,False,https://www.tesco.com/groceries/en-GB/products/309473069,https://digitalcontent.api.tesco.com/v2/media/ghs/58d01290-3543-4e76-b5ae-a3f747bb5403/2b71f45d-2e05-423f-9e97-22748c8700a9_1205049164.jpeg?h=225&w=225,Food Cupboard,Cooking Ingredients
256149795,Tesco Dried Oregano 14G,£1.00,£0.71/10g,,,False,,False,4.7,46,False,https://www.tesco.com/groceries/en-GB/products/256149795,https://digitalcontent.api.tesco.com/v2/media/ghs/70f39cf1-2f49-4b4f-a394-10c4e03805cd/eb1283a7-2238-4b53-8afc-57b19bcc982d_50009161.jpeg?h=225&w=225,Food Cupboard,Cooking Ingredients
300456382,Tesco Garlic Powder 45G ..,£1.00,£0.22/10g,,,False,,False,2.3,29,False,https://www.tesco.com/groceries/en-GB/products/300456382,https://digitalcontent.api.tesco.com/v2/media/ghs/35aa2392-1515-425d-8f78-5c5258704120/aa4d6383-764d-4f6a-bac1-d50f2a1c003d_2121379587.jpeg?h=225&w=225,Food Cupboard,Cooking Ingredients
256149904,Tesco Ground Ginger 38G,£1.00,£0.26/10g,,,False,,False,4.7,56,False,https://www.tesco.com/groceries/en-GB/products/256149904,https://digitalcontent.api.tesco.com/v2/media/ghs/5c7a3842-10a0-4068-97b2-70eefc7e3add/d2994518-4a66-40ca-a281-c199b3484b89_1272684392.jpeg?h=225&w=225,Food Cupboard,Cooking Ingredients
264545711,Tesco Chicken Stock Cubes 10 Pack 100g,£1.10,£1.10/100g,,,False,,False,4.4,67,False,https://www.tesco.com/groceries/en-GB/products/264545711,https://digitalcontent.api.tesco.com/v2/media/ghs/52d94246-757e-4b42-992b-7d30892bcebf/658009f8-f8af-4cb5-b751-15fbd02ee2a8_79644818.jpeg?h=225&w=225,Food Cupboard,Cooking Ingredients
256150470,Tesco Ground Cumin 43G,£1.00,£0.23/10g,,,False,,False,4.4,14,False,https://www.tesco.com/groceries/en-GB/products/256150470,https://digitalcontent.api.tesco.com/v2/media/ghs/96883e32-25eb-4320-af3d-ef95ad86663e/f1b00ee4-4891-467e-ae93-fb6c4d6d8058_1521856625.jpeg?h=225&w=225,Food Cupboard,Cooking Ingredients
257536312,Tesco Cinnamon Sticks 12G,£1.00,£0.83/10g,,,False,,False,3.8,29,False,https://www.tesco.com/groceries/en-GB/products/257536312,https://digitalcontent.api.tesco.com/v2/media/ghs/f9759961-187f-4e9f-9307-d76581a0cc08/8cc2ecc8-a83d-4b3b-acf7-14e8edc43a40_1413084679.jpeg?h=225&w=225,Food Cupboard,Cooking Ingredients
251475180,Schwartz Creamy Mild Peppercorn Sauce Mix 25g,£0.95,£3.80/100g,Any 4 for £2.45 Clubcard Price - Selected Schwartz Recipe Mix,,True,Offer valid for delivery from 19/02/2025 until 09/07/2025,False,4.2,26,False,https://www.tesco.com/groceries/en-GB/products/251475180,https://digitalcontent.api.tesco.com/v2/media/ghs/de35b0ab-091c-4be1-a139-6d8b963cfb72/3e1dbe63-41bd-4f80-9186-fe290c4ca176_31232998.jpeg?h=225&w=225,Food Cupboard,Cooking Ingredients
259338708,Knorr Beef Stock Pot 4 x 28g,£1.90,£1.70/100g,£1.25 Save 1/3 Clubcard Price,(£1.12/100g),True,Offer valid for delivery from 19/03/2025 until 22/04/2025,False,4.7,80,False,https://www.tesco.com/groceries/en-GB/products/259338708,https://digitalcontent.api.tesco.com/v2/media/ghs/f194f36a-a95d-410a-80d2-dbec8685074e/7490c42d-f760-42ad-81c4-3bd0958bd240_1249672402.jpeg?h=225&w=225,Food Cupboard,Cooking Ingredients
250920908,Colman's Cottage Pie Recipe Mix 45G,£0.90,£2.00/100g,65p Clubcard Price,(£1.44/100g),True,Offer valid for delivery from 16/04/2025 until 10/06/2025,False,4.5,24,False,https://www.tesco.com/groceries/en-GB/products/250920908,https://digitalcontent.api.tesco.com/v2/media/ghs/d3acac0c-8ff8-4992-af14-ae1d04674655/86d72d86-7ae6-4d8f-9de2-d231a0910346_481428030.jpeg?h=225&w=225,Food Cupboard,Cooking Ingredients
268391845,Colman's Tuna Pasta Bake Recipe Mix 44G,£0.90,£2.04/100g,65p Clubcard Price,(£1.48/100g),True,Offer valid for delivery from 16/04/2025 until 10/06/2025,False,4.3,63,False,https://www.tesco.com/groceries/en-GB/products/268391845,https://digitalcontent.api.tesco.com/v2/media/ghs/d90b1afe-75d5-4c36-b19d-6e2ff5a347f1/f6822ce5-9c60-4e5c-9371-5266b8ac0970_619546245.jpeg?h=225&w=225,Food Cupboard,Cooking Ingredients
258092039,Schwartz Creamy Pepper Sauce Mix 25g,£0.95,£3.80/100g,Any 4 for £2.45 Clubcard Price - Selected Schwartz Recipe Mix,,True,Offer valid for delivery from 19/02/2025 until 09/07/2025,False,4.1,27,False,https://www.tesco.com/groceries/en-GB/products/258092039,https://digitalcontent.api.tesco.com/v2/media/ghs/532d21c8-8118-418e-97c1-fe87412d6a03/8a4cc654-e801-4b2a-952f-2e55997d748c_1170101843.jpeg?h=225&w=225,Food Cupboard,Cooking Ingredients
307154929,Schwartz Beef Casserole Recipe Mix 38g,£0.95,£2.50/100g,Any 4 for £2.45 Clubcard Price - Selected Schwartz Recipe Mix,,True,Offer valid for delivery from 19/02/2025 until 09/07/2025,False,4.6,20,False,https://www.tesco.com/groceries/en-GB/products/307154929,https://digitalcontent.api.tesco.com/v2/media/ghs/13828094-71f9-4ea4-b23e-81f91ec1abb7/5a4f0e50-d794-4f7f-9b82-df98f5c7718e_510519897.jpeg?h=225&w=225,Food Cupboard,Cooking Ingredients
254882804,Schwartz Spaghetti Bolognese Recipe Mix 40g,£0.95,£2.38/100g,Any 4 for £2.45 Clubcard Price - Selected Schwartz Recipe Mix,,True,Offer valid for delivery from 19/02/2025 until 09/07/2025,False,4.7,47,False,https://www.tesco.com/groceries/en-GB/products/254882804,https://digitalcontent.api.tesco.com/v2/media/ghs/dceb2ec1-4ddb-4d22-9c99-0cf9c6a49ca9/84bd20c7-1c29-4104-b78b-cc1598257026_1733020342.jpeg?h=225&w=225,Food Cupboard,Cooking Ingredients
258169474,Schwartz Sausage Casserole Recipe Mix 35g,£0.95,£2.71/100g,Any 4 for £2.45 Clubcard Price - Selected Schwartz Recipe Mix,,True,Offer valid for delivery from 19/02/2025 until 09/07/2025,False,4.1,37,False,https://www.tesco.com/groceries/en-GB/products/258169474,https://digitalcontent.api.tesco.com/v2/media/ghs/42972c58-f2f5-49c8-a1ab-354c5e03230f/026e3ebd-4924-4e07-b6fd-f250cf784ad5_1273018237.jpeg?h=225&w=225,Food Cupboard,Cooking Ingredients
314703247,Schwartz The Real greek Chicken gyros Wrap Recipe Mix 20g,£1.10,£5.50/100g,Any 4 for £2.45 Clubcard Price - Selected Schwartz Recipe Mix,,True,Offer valid for delivery from 19/02/2025 until 09/07/2025,False,4.9,17,False,https://www.tesco.com/groceries/en-GB/products/314703247,https://digitalcontent.api.tesco.com/v2/media/ghs/a01b1500-e670-4a07-95d9-d0f781506814/f666591f-47cd-426f-a873-7c6f84dce0ee_1178392549.jpeg?h=225&w=225,Food Cupboard,Cooking Ingredients
314699965,Schwartz Las Iguanas Bahian Coconut Curry Recipe Mix 25g,£1.10,£4.40/100g,Any 4 for £2.45 Clubcard Price - Selected Schwartz Recipe Mix,,True,Offer valid for delivery from 19/02/2025 until 09/07/2025,False,4.7,31,False,https://www.tesco.com/groceries/en-GB/products/314699965,https://digitalcontent.api.tesco.com/v2/media/ghs/eee92fa8-d4ba-4d4a-83bd-18f21f2e92ee/91bbec94-d014-4588-94c2-6b06005eec0e_1481873599.jpeg?h=225&w=225,Food Cupboard,Cooking Ingredients
299667755,Stockwell & Co Gravy Granules 200G,£0.45,£0.22/100g,,,False,,False,2.6,70,False,https://www.tesco.com/groceries/en-GB/products/299667755,https://digitalcontent.api.tesco.com/v2/media/ghs/2ed0e646-0e47-4f18-b924-21cb9f2e3ff0/49938081-8920-4a09-a7f9-bcd3d712fcfd_137880005.jpeg?h=225&w=225,Food Cupboard,Cooking Ingredients
254918418,Tesco Olive Oil 500Ml,£5.20,£1.04/100ml,,,False,,False,4.3,54,False,https://www.tesco.com/groceries/en-GB/products/254918418,https://digitalcontent.api.tesco.com/v2/media/ghs/9fa24866-f0c5-4e54-9978-86450e956f34/63fef6bc-db95-46d3-9b01-7c0ca88a92e6_1728519169.jpeg?h=225&w=225,Food Cupboard,Cooking Ingredients
257724971,Tesco Black Peppercorn Grinder 50G,£2.85,£0.57/10g,,,False,,False,2.3,37,False,https://www.tesco.com/groceries/en-GB/products/257724971,https://digitalcontent.api.tesco.com/v2/media/ghs/934f0086-7857-4f12-b618-4221fa1f11e3/f251207e-0482-4af1-8cb4-70d16a832d5f_1304114625.jpeg?h=225&w=225,Food Cupboard,Cooking Ingredients
254880858,Bovril Beef Extract 250G,£4.75,£1.90/100g,,,False,,False,4.4,52,False,https://www.tesco.com/groceries/en-GB/products/254880858,https://digitalcontent.api.tesco.com/v2/media/ghs/77d0b60f-5605-4313-a3af-1c4f263b598c/dc062b7d-4b9c-430e-a0f8-8c18b5dd6ffe_1575731476.jpeg?h=225&w=225,Food Cupboard,Cooking Ingredients
277585804,Yutaka Panko Breadcrumbs 180G,£2.50,£1.39/100g,,,False,,False,4.7,22,False,https://www.tesco.com/groceries/en-GB/products/277585804,https://digitalcontent.api.tesco.com/v2/media/ghs/29215acc-5987-451a-9686-4613c98002ce/9a184c11-aa4b-4efa-909d-be65aec27dbc_846443869.jpeg?h=225&w=225,Food Cupboard,Cooking Ingredients
258732959,Crisp 'N Dry 100% Rapeseed Oil 2 Litre,£4.95,£0.25/100ml,£3.50 Clubcard Price,(£0.18/100ml),True,Offer valid for delivery from 17/03/2025 until 22/04/2025,False,3.3,14,False,https://www.tesco.com/groceries/en-GB/products/258732959,https://digitalcontent.api.tesco.com/v2/media/ghs/e7c854d6-b39b-4acc-97e3-82f30d3b483c/8a1aeb35-9311-45fe-bff4-0a593e54cca4_331410282.jpeg?h=225&w=225,Food Cupboard,Cooking Ingredients
313957276,Bisto Chicken Gravy Granules 450g,£4.75,£1.06/100g,,,False,,False,4.8,45,False,https://www.tesco.com/groceries/en-GB/products/313957276,https://digitalcontent.api.tesco.com/v2/media/ghs/31e5aba9-68bf-4c3b-a411-352c0cbbd970/8c25ce9e-4037-48f4-a23b-ec5e70c40b8f_1011556483.jpeg?h=225&w=225,Food Cupboard,Cooking Ingredients
313837044,Bisto Favourite Gravy Granules 450g,£4.75,£1.06/100g,,,False,,False,4.4,44,False,https://www.tesco.com/groceries/en-GB/products/313837044,https://digitalcontent.api.tesco.com/v2/media/ghs/e566927d-3aec-41e7-b926-142d9a26f09b/a7bb640f-7419-45c2-a711-a62ef98a8026_1460316109.jpeg?h=225&w=225,Food Cupboard,Cooking Ingredients
314106021,Bisto Reduced Salt Gravy Granules 450g,£4.75,£1.06/100g,,,False,,False,4.9,40,False,https://www.tesco.com/groceries/en-GB/products/314106021,https://digitalcontent.api.tesco.com/v2/media/ghs/519a5a59-0b29-45f3-9f1b-eb31e5940fc3/c992dcff-8b17-467d-8fbc-1bdb3e9a6e61_1389139540.jpeg?h=225&w=225,Food Cupboard,Cooking Ingredients
309459029,Bisto Cheese Sauce Mix 185G,£3.00,£1.62/100g,,,False,,False,4.3,60,False,https://www.tesco.com/groceries/en-GB/products/309459029,https://digitalcontent.api.tesco.com/v2/media/ghs/3f575a07-f6b5-440e-8b82-5492d1b6f0ac/b8c9bf48-cb2e-481c-b96e-e84cf38d46d3_92348516.jpeg?h=225&w=225,Food Cupboard,Cooking Ingredients
257410991,Maldon Sea Salt 250G,£2.70,£10.80/kg,,,False,,False,4.1,18,False,https://www.tesco.com/groceries/en-GB/products/257410991,https://digitalcontent.api.tesco.com/v2/media/ghs/4f49c9b7-d80a-41a8-8bed-c2587f0e30d6/b3426761-b8e9-457f-b645-0b7a5df1e694_1235121892.jpeg?h=225&w=225,Food Cupboard,Cooking Ingredients
278757151,Tesco Finest Beef Stock 450Ml,£2.60,£0.58/100ml,,,False,,False,4.1,30,False,https://www.tesco.com/groceries/en-GB/products/278757151,https://digitalcontent.api.tesco.com/v2/media/ghs/aa508159-fd6a-43b6-b539-679d635f53d2/b474f968-a270-4303-b6f4-b9ec66175580_676170706.jpeg?h=225&w=225,Food Cupboard,Cooking Ingredients
300808599,Tesco Chipotle Chilli Paste 95G,£1.80,£0.19/10g,,,False,,False,4.9,15,False,https://www.tesco.com/groceries/en-GB/products/300808599,https://digitalcontent.api.tesco.com/v2/media/ghs/ca07bb65-883e-460b-9bd1-c8bf7a8b4ae7/ac96a2ac-08db-4dcc-94a4-dbd7f87b8035_857029380.jpeg?h=225&w=225,Food Cupboard,Cooking Ingredients
255956181,Marigold Swiss Vegetable Bouillon Powder 150G,£2.30,£1.53/100g,,,False,,False,,31,False,https://www.tesco.com/groceries/en-GB/products/255956181,https://digitalcontent.api.tesco.com/v2/media/ghs/723fa45b-f2f0-431e-b468-112d25cbaf88/48e04e5b-4115-4f9b-93d7-8235333372d5_1772758119.jpeg?h=225&w=225,Food Cupboard,Cooking Ingredients
267680810,Cornish Sea Salt 225G,£2.40,£10.67/kg,£1.90 Clubcard Price,(£8.44/kg),True,Offer valid for delivery from 16/04/2025 until 13/05/2025,False,4.4,13,False,https://www.tesco.com/groceries/en-GB/products/267680810,https://digitalcontent.api.tesco.com/v2/media/ghs/093b97a6-9c30-48b8-b931-700a9d3d565f/e17fbda2-0459-4d38-aab8-748a5e783166_314703297.jpeg?h=225&w=225,Food Cupboard,Cooking Ingredients
253729822,Tidmans Natural Rock Salt 500G,£1.80,£3.60/kg,,,False,,False,,9,False,https://www.tesco.com/groceries/en-GB/products/253729822,https://digitalcontent.api.tesco.com/v2/media/ghs/466b4397-cb1b-48c6-9ad3-df658733987c/c10a2502-43e0-44d8-94b5-bdbbe8467a7a_1588765749.jpeg?h=225&w=225,Food Cupboard,Cooking Ingredients
289037439,Tesco Red Wine Stock Pots 4 Pack 112G,£1.60,£1.43/100g,,,False,,False,3.6,30,False,https://www.tesco.com/groceries/en-GB/products/289037439,https://digitalcontent.api.tesco.com/v2/media/ghs/7872336c-cf5b-4d2d-9c2d-7d7c30dad2e3/d6246b8e-654a-441f-acf2-2273e56a23d2_1927494267.jpeg?h=225&w=225,Food Cupboard,Cooking Ingredients
254881212,Knorr Ham Stock Cubes 8 x 10g,£2.00,£2.50/100g,,,False,,False,4.6,49,False,https://www.tesco.com/groceries/en-GB/products/254881212,https://digitalcontent.api.tesco.com/v2/media/ghs/be254e2c-410e-4929-b478-3772ab931085/35996275-943c-4bfd-b16d-a052be7d42f5_799608423.jpeg?h=225&w=225,Food Cupboard,Cooking Ingredients
309493789,Bisto Onion Gravy Granules 190G,£2.80,£1.47/100g,£2.00 Clubcard Price,(£1.05/100g),True,Offer valid for delivery from 19/02/2025 until 22/04/2025,False,4.6,79,False,https://www.tesco.com/groceries/en-GB/products/309493789,https://digitalcontent.api.tesco.com/v2/media/ghs/888ed4b1-c677-46e3-beb2-98bd0c58dca4/e0728943-9691-436f-935b-97443e24cb91_1459166855.jpeg?h=225&w=225,Food Cupboard,Cooking Ingredients
309489668,Bisto Reduced Salt Chicken Gravy Granules 190G,£2.80,£1.47/100g,£2.00 Clubcard Price,(£1.05/100g),True,Offer valid for delivery from 19/02/2025 until 22/04/2025,False,4.7,42,False,https://www.tesco.com/groceries/en-GB/products/309489668,https://digitalcontent.api.tesco.com/v2/media/ghs/474ed0f0-5344-4ca3-a2c7-3d4208e9e6e6/c12960d8-9805-4479-9243-c06f3292c2e6_1818553178.jpeg?h=225&w=225,Food Cupboard,Cooking Ingredients
313382903,Oxo White Wine Stock Pots 4 x 20g (80g),£1.85,£2.31/100g,£1.50 Clubcard Price,(£1.88/100g),True,Offer valid for delivery from 19/02/2025 until 22/04/2025,False,4.5,33,False,https://www.tesco.com/groceries/en-GB/products/313382903,https://digitalcontent.api.tesco.com/v2/media/ghs/6b1d0e50-4c31-4854-aec9-313fdedd6440/aecaf598-3f32-4d7e-94a7-43fed971b4c1_732390944.jpeg?h=225&w=225,Food Cupboard,Cooking Ingredients
255769961,Tesco Medium Curry Powder 80G,£1.25,£0.16/10g,,,False,,False,4.1,19,False,https://www.tesco.com/groceries/en-GB/products/255769961,https://digitalcontent.api.tesco.com/v2/media/ghs/789789c3-6624-42ec-baa9-761f59ced6be/61329bcd-d2f6-4289-a5ec-6eb6a7764d06_1876908007.jpeg?h=225&w=225,Food Cupboard,Cooking Ingredients
297021296,Tesco Cider Vinegar 350Ml,£1.50,£0.43/100ml,,,False,,False,4.6,45,False,https://www.tesco.com/groceries/en-GB/products/297021296,https://digitalcontent.api.tesco.com/v2/media/ghs/d74c1c28-0b10-4b34-a750-641a005e063d/acfcf54a-b728-4a55-be41-da53faaf717f_992137385.jpeg?h=225&w=225,Food Cupboard,Cooking Ingredients
268595414,Tesco Dried Sage 12G,£1.00,£0.83/10g,,,False,,False,4.7,33,False,https://www.tesco.com/groceries/en-GB/products/268595414,https://digitalcontent.api.tesco.com/v2/media/ghs/7ca2102e-a9ad-4904-9b0c-fc8603cfcb70/1c39fae3-8b07-47fd-add8-802e5742c9c7_813466662.jpeg?h=225&w=225,Food Cupboard,Cooking Ingredients
256150527,Tesco Ground Coriander 36G,£1.00,£0.28/10g,,,False,,False,4.5,24,False,https://www.tesco.com/groceries/en-GB/products/256150527,https://digitalcontent.api.tesco.com/v2/media/ghs/523ed5c9-da84-42ec-aab0-4d5479a331ad/e52bb1ce-9e4a-4eeb-b237-38abca9664b2_204282523.jpeg?h=225&w=225,Food Cupboard,Cooking Ingredients
256149680,Tesco Dried Rosemary 27G,£1.00,£0.37/10g,,,False,,False,4.6,43,False,https://www.tesco.com/groceries/en-GB/products/256149680,https://digitalcontent.api.tesco.com/v2/media/ghs/086525a3-3107-4401-af2a-f29cb947ac68/22acfff6-88b7-4f2c-8cd7-28c163423836_1083027717.jpeg?h=225&w=225,Food Cupboard,Cooking Ingredients
256146844,Tesco Dried Parsley 11G,£1.00,£0.91/10g,,,False,,False,4.5,54,False,https://www.tesco.com/groceries/en-GB/products/256146844,https://digitalcontent.api.tesco.com/v2/media/ghs/8b958740-02c1-439d-b116-45fa9a83a29c/2db4c159-24cf-445f-87fc-f851caa07d51_1133004512.jpeg?h=225&w=225,Food Cupboard,Cooking Ingredients
278834077,Tesco Golden Breadcrumbs 175G,£1.20,£6.86/kg,,,False,,False,4.8,38,False,https://www.tesco.com/groceries/en-GB/products/278834077,https://digitalcontent.api.tesco.com/v2/media/ghs/b14b6d51-baec-4066-9386-64abe2e69dfa/6c17fb33-7adb-4e3a-beca-9933a822cc99_1039129173.jpeg?h=225&w=225,Food Cupboard,Cooking Ingredients
300456480,Tesco Mixed Herbs 18G ..,£1.00,£0.56/10g,,,False,,False,4.3,31,False,https://www.tesco.com/groceries/en-GB/products/300456480,https://digitalcontent.api.tesco.com/v2/media/ghs/6938931a-4715-4efd-a5bf-dd7d8a1c1c84/06f45a46-e304-4727-8bfd-ccb3e7691d68_1139005081.jpeg?h=225&w=225,Food Cupboard,Cooking Ingredients
300456347,Tesco Basil 18G,£1.00,£0.56/10g,,,False,,False,4.5,39,False,https://www.tesco.com/groceries/en-GB/products/300456347,https://digitalcontent.api.tesco.com/v2/media/ghs/4a67c3b0-5f21-4e6b-a6f1-58c3ca73d0e6/3fe8aea2-1ddd-4045-8e58-2e8914405ff1_1072344645.jpeg?h=225&w=225,Food Cupboard,Cooking Ingredients
257025479,Tesco Ground Turmeric 45G,£1.00,£0.22/10g,,,False,,False,4.7,50,False,https://www.tesco.com/groceries/en-GB/products/257025479,https://digitalcontent.api.tesco.com/v2/media/ghs/b89d3fc5-1b53-4489-b1c4-26f815610737/681cf203-2208-4fca-a759-8641859f4721_2070372657.jpeg?h=225&w=225,Food Cupboard,Cooking Ingredients
264104905,Tesco Bay Leaves 3G,£1.00,£3.33/10g,,,False,,False,4.5,33,False,https://www.tesco.com/groceries/en-GB/products/264104905,https://digitalcontent.api.tesco.com/v2/media/ghs/2efc9208-7576-459a-929f-052df19800a0/9d453cd9-9439-4c82-ada0-bf07c5ad340d_1667179185.jpeg?h=225&w=225,Food Cupboard,Cooking Ingredients
268449767,Tesco Onion Granules 52G,£1.00,£0.19/10g,,,False,,False,4.1,33,False,https://www.tesco.com/groceries/en-GB/products/268449767,https://digitalcontent.api.tesco.com/v2/media/ghs/ef378a4c-de98-416f-bdfa-8cf551b100b3/ba9d5028-138e-4c10-9f98-4caa08995b33_642688066.jpeg?h=225&w=225,Food Cupboard,Cooking Ingredients
277972093,Nando's Peri-Peri Rub - Medium 25g,£1.25,£50.00/kg,,,False,,False,,2,False,https://www.tesco.com/groceries/en-GB/products/277972093,https://digitalcontent.api.tesco.com/v2/media/ghs/637e2cee-f00d-40cf-97d2-ad07c3c6e0e9/18c606b7-5d33-4c0f-8cac-f8047334e83c_332759524.jpeg?h=225&w=225,Food Cupboard,Cooking Ingredients
289036757,Tesco Beef Stockpot 4 Pack 112G,£1.50,£1.34/100g,,,False,,False,4.5,83,False,https://www.tesco.com/groceries/en-GB/products/289036757,https://digitalcontent.api.tesco.com/v2/media/ghs/0d2037e8-5c85-41bc-b7dc-2af2fd13e83b/f4b372b0-d9bb-46d4-a157-f7e329ce7e8c_607242965.jpeg?h=225&w=225,Food Cupboard,Cooking Ingredients
259339243,Knorr Vegetable Stock Pot 4x28g,£1.90,£1.70/100g,£1.25 Save 1/3 Clubcard Price,(£1.12/100g),True,Offer valid for delivery from 19/03/2025 until 22/04/2025,False,4.6,124,False,https://www.tesco.com/groceries/en-GB/products/259339243,https://digitalcontent.api.tesco.com/v2/media/ghs/2c1920fc-faeb-45e2-a7e8-e63dc9f65946/259c230a-7006-47a3-8cc6-7eaa14239451_2104468922.jpeg?h=225&w=225,Food Cupboard,Cooking Ingredients
253209545,Schwartz Hollandaise Sauce Mix 25g,£0.95,£3.80/100g,Any 4 for £2.45 Clubcard Price - Selected Schwartz Recipe Mix,,True,Offer valid for delivery from 19/02/2025 until 09/07/2025,False,,40,False,https://www.tesco.com/groceries/en-GB/products/253209545,https://digitalcontent.api.tesco.com/v2/media/ghs/592bdb30-768e-4c60-8cd1-9797d445dbc9/59409589-1f56-4578-a2a3-d45e70723470_110628228.jpeg?h=225&w=225,Food Cupboard,Cooking Ingredients
310105587,Schwartz Extra Mature Cheddar Cheese Sauce Mix 30g,£0.95,£3.17/100g,Any 4 for £2.45 Clubcard Price - Selected Schwartz Recipe Mix,,True,Offer valid for delivery from 19/02/2025 until 09/07/2025,False,1.9,26,False,https://www.tesco.com/groceries/en-GB/products/310105587,https://digitalcontent.api.tesco.com/v2/media/ghs/95ab9747-efd0-4b1d-aa6c-f16df8a3de21/508fe140-92d0-42b9-8941-4c54811746e1_803698418.jpeg?h=225&w=225,Food Cupboard,Cooking Ingredients
251975596,Schwartz Shepherd's Pie Recipe Mix 38g,£0.95,£2.50/100g,Any 4 for £2.45 Clubcard Price - Selected Schwartz Recipe Mix,,True,Offer valid for delivery from 19/02/2025 until 09/07/2025,False,4.2,30,False,https://www.tesco.com/groceries/en-GB/products/251975596,https://digitalcontent.api.tesco.com/v2/media/ghs/dd1e5d95-e611-44b9-bd25-be11a0b0fccc/db76928d-af72-4b47-8eac-2546cda595dd_1308234371.jpeg?h=225&w=225,Food Cupboard,Cooking Ingredients
258433576,Schwartz Hot Chilli Con Carne Recipe Mix 41g,£0.95,£2.32/100g,Any 4 for £2.45 Clubcard Price - Selected Schwartz Recipe Mix,,True,Offer valid for delivery from 19/02/2025 until 09/07/2025,False,4.9,17,False,https://www.tesco.com/groceries/en-GB/products/258433576,https://digitalcontent.api.tesco.com/v2/media/ghs/7455ed88-a3d0-4efe-ab69-1f0ff956ed24/f56a5e99-6f62-4a09-8997-4f61ab5ba4d3_1143767857.jpeg?h=225&w=225,Food Cupboard,Cooking Ingredients
256301465,Schwartz Spaghetti Carbonara Recipe Mix 32g,£0.95,£2.97/100g,Any 4 for £2.45 Clubcard Price - Selected Schwartz Recipe Mix,,True,Offer valid for delivery from 19/02/2025 until 09/07/2025,False,3.9,26,False,https://www.tesco.com/groceries/en-GB/products/256301465,https://digitalcontent.api.tesco.com/v2/media/ghs/991a2aab-7d06-4637-a5c9-82cb98033f03/9b3bfcc8-6f80-4816-b5ac-dbc64d10020c_611359241.jpeg?h=225&w=225,Food Cupboard,Cooking Ingredients
251975573,Schwartz Chicken Casserole Recipe Mix 36g,£0.95,£2.64/100g,Any 4 for £2.45 Clubcard Price - Selected Schwartz Recipe Mix,,True,Offer valid for delivery from 19/02/2025 until 09/07/2025,False,4.7,42,False,https://www.tesco.com/groceries/en-GB/products/251975573,https://digitalcontent.api.tesco.com/v2/media/ghs/11092b2b-5ee4-4f39-969a-999cb996787b/620d31fa-b542-40b4-be2f-fdf0ca2e32ea_1624760438.jpeg?h=225&w=225,Food Cupboard,Cooking Ingredients
250323638,Schwartz garlic & Herb Potato Wedges Recipe Mix 38g,£0.95,£2.50/100g,Any 4 for £2.45 Clubcard Price - Selected Schwartz Recipe Mix,,True,Offer valid for delivery from 19/02/2025 until 09/07/2025,False,4.7,6,False,https://www.tesco.com/groceries/en-GB/products/250323638,https://digitalcontent.api.tesco.com/v2/media/ghs/42c50fca-a0cd-4487-b7f5-cd0974c02ff0/eb2ee882-38c7-45e8-8784-4855565eb85e_576384735.jpeg?h=225&w=225,Food Cupboard,Cooking Ingredients
259557543,Tesco Vegetable Gravy Granules 200G,£0.73,£0.36/100g,,,False,,False,4.3,51,False,https://www.tesco.com/groceries/en-GB/products/259557543,https://digitalcontent.api.tesco.com/v2/media/ghs/60f310f4-fcc6-430c-819e-5d1977d045dc/83f534da-3158-491d-a8d9-06b97206d7a6_1128644889.jpeg?h=225&w=225,Food Cupboard,Cooking Ingredients
267116466,Tesco Onion Gravy Granules 200G,£0.73,£0.36/100g,,,False,,False,3.8,56,False,https://www.tesco.com/groceries/en-GB/products/267116466,https://digitalcontent.api.tesco.com/v2/media/ghs/8244f782-198e-497e-b3c4-e21a3baf9ac9/ef2690e8-b61b-49a3-95de-2ebae70d7167_987341226.jpeg?h=225&w=225,Food Cupboard,Cooking Ingredients
272515844,Tesco Vegetable Oil 5 Litre,£8.25,£0.16/100ml,,,False,,False,4.5,26,False,https://www.tesco.com/groceries/en-GB/products/272515844,https://digitalcontent.api.tesco.com/v2/media/ghs/25942740-3ca8-41b6-88dc-5bd2fce55499/5cc5d7ac-60bd-49c1-8d5e-f84e3759c266_2084171058.jpeg?h=225&w=225,Food Cupboard,Cooking Ingredients
257449231,Napolina Olive Oil 500Ml,£7.95,£1.59/100ml,,,False,,False,,,False,https://www.tesco.com/groceries/en-GB/products/257449231,https://digitalcontent.api.tesco.com/v2/media/ghs/894c781c-a2ba-42db-8a2d-206e081e3215/4a5b9b1f-302f-4674-84c7-c75180c1b74e_1916415984.jpeg?h=225&w=225,Food Cupboard,Cooking Ingredients
254918234,Tesco Pure Sunflower Oil 3L,£5.90,£0.20/100ml,,,False,,False,3.4,15,False,https://www.tesco.com/groceries/en-GB/products/254918234,https://digitalcontent.api.tesco.com/v2/media/ghs/f57ad870-9a28-4dab-9edc-264cdf9ecddd/0a378669-3368-45dc-9f79-210a97098d28_1842853230.jpeg?h=225&w=225,Food Cupboard,Cooking Ingredients
301971870,Tesco Black Peppercorns 250G,£4.40,£0.18/10g,,,False,,False,4.7,66,False,https://www.tesco.com/groceries/en-GB/products/301971870,https://digitalcontent.api.tesco.com/v2/media/ghs/b270534a-1f06-412a-b2a0-ef910866f693/a2b7d1cd-44e9-48ff-9cd3-b77faaff731e_513510165.jpeg?h=225&w=225,Food Cupboard,Cooking Ingredients
303010444,Cooks & Co Dried Porcini Mushrooms 40G,£4.35,£1.09/10g,,,False,,False,,6,False,https://www.tesco.com/groceries/en-GB/products/303010444,https://digitalcontent.api.tesco.com/v2/media/ghs/642864b0-c86b-4cbf-9bb6-382661198026/0ce179ee-c5ad-48de-ad6d-36e4d64872cf_199747678.jpeg?h=225&w=225,Food Cupboard,Cooking Ingredients
271754096,Gressingham Duck Fat 250G,£3.50,£14.00/kg,£2.50 Clubcard Price,(£10.00/kg),True,Offer valid for delivery from 16/04/2025 until 22/04/2025,False,3.9,7,False,https://www.tesco.com/groceries/en-GB/products/271754096,https://digitalcontent.api.tesco.com/v2/media/ghs/1c4d3f86-a7e2-4bd5-8add-1d2ac6eec300/cb150cda-eb02-4cd4-a738-a32594594989_1532031542.jpeg?h=225&w=225,Food Cupboard,Cooking Ingredients
255209876,Filippo Berio Extra Virgin Olive Oil 500Ml,,,£5.00 Clubcard Price,(£1.00/100ml),True,Offer valid for delivery from 17/03/2025 until 22/04/2025,False,4.7,9,False,https://www.tesco.com/groceries/en-GB/products/255209876,https://digitalcontent.api.tesco.com/v2/media/ghs/8692e587-1094-4c50-ab19-4e284885dd76/a2e155c6-3e01-4d91-a820-425aef142052_1342078059.jpeg?h=225&w=225,Food Cupboard,Cooking Ingredients
257380126,Tesco Extra Virgin Olive Oil 250Ml,£3.25,£1.30/100ml,,,False,,False,4.5,52,False,https://www.tesco.com/groceries/en-GB/products/257380126,https://digitalcontent.api.tesco.com/v2/media/ghs/01959f44-33c3-4590-992c-27b94093c1f0/snapshotimagehandler_724223274.jpeg?h=225&w=225,Food Cupboard,Cooking Ingredients
256150775,Tesco Ground Black Pepper 100G,£2.50,£0.25/10g,,,False,,False,,33,False,https://www.tesco.com/groceries/en-GB/products/256150775,https://digitalcontent.api.tesco.com/v2/media/ghs/a6894afb-1226-45cc-9bc5-4ebdf4c9a0f3/8ece11df-c857-488e-a7ba-6447e1e62a3b_1877271112.jpeg?h=225&w=225,Food Cupboard,Cooking Ingredients
259045325,Tesco Light In Colour Olive Oil 1Ltr,£7.00,£0.70/100ml,,,False,,False,4.6,47,False,https://www.tesco.com/groceries/en-GB/products/259045325,https://digitalcontent.api.tesco.com/v2/media/ghs/d23521f0-93ee-4e05-810b-17d244e2393d/c83b8e2c-8ce6-47e4-820a-ddffa70cefd7_1244452307.jpeg?h=225&w=225,Food Cupboard,Cooking Ingredients
300456261,Tesco Oregano 30G ..,£1.65,£0.55/10g,,,False,,False,4.3,28,False,https://www.tesco.com/groceries/en-GB/products/300456261,https://digitalcontent.api.tesco.com/v2/media/ghs/e6e32e58-54c5-4039-91e3-197283088738/fc45cd45-9233-403b-9f89-d26ccf1b6f11_489379423.jpeg?h=225&w=225,Food Cupboard,Cooking Ingredients
257518392,Schwartz Cajun Seasoning 44g,£2.00,£0.46/10g,Any 2 for £3.50 Clubcard Price - Selected Schwartz Seasonings,,True,Offer valid for delivery from 21/02/2025 until 09/07/2025,False,,46,False,https://www.tesco.com/groceries/en-GB/products/257518392,https://digitalcontent.api.tesco.com/v2/media/ghs/6e2188f7-5cb1-481d-ab1c-76703c3d729b/2f0b307e-eeaa-4af0-a7c5-106f4fb7a6d6_1905890350.jpeg?h=225&w=225,Food Cupboard,Cooking Ingredients
278392921,Tesco Garlic Paste 90G,£1.80,£0.20/10g,,,False,,False,4.2,43,False,https://www.tesco.com/groceries/en-GB/products/278392921,https://digitalcontent.api.tesco.com/v2/media/ghs/39abcaa0-34ed-4d42-819d-adce2a0da756/0c21604f-462a-4825-bd1b-a2de6d94fae1_1501530393.jpeg?h=225&w=225,Food Cupboard,Cooking Ingredients
301554022,Tesco Harissa Paste 90G,£1.80,£0.20/10g,,,False,,False,3.3,32,False,https://www.tesco.com/groceries/en-GB/products/301554022,https://digitalcontent.api.tesco.com/v2/media/ghs/bb24d64b-bd93-41bc-8e65-7a3578e022ff/0ef44367-f7a2-4dfd-9fc3-3ef6dc1f0ad4_1630041064.jpeg?h=225&w=225,Food Cupboard,Cooking Ingredients
258732769,Crisp 'N Dry 100% Rapeseed Oil 1L,£2.55,£0.26/100ml,,,False,,False,4.8,8,False,https://www.tesco.com/groceries/en-GB/products/258732769,https://digitalcontent.api.tesco.com/v2/media/ghs/261da97e-c770-43b7-bc2b-88162ba0b280/f9948784-716f-4efd-9d88-501d7b9ce2a4_1505151914.jpeg?h=225&w=225,Food Cupboard,Cooking Ingredients
312217895,Bisto Best Lamb Gravy Granules 230g,£2.99,£1.30/100g,,,False,,False,4.7,59,False,https://www.tesco.com/groceries/en-GB/products/312217895,https://digitalcontent.api.tesco.com/v2/media/ghs/63bb0951-aacc-41be-90cf-d9ac7ac8d022/85389f16-0027-4a2f-a01c-6b52ce4b1e75_1465973830.jpeg?h=225&w=225,Food Cupboard,Cooking Ingredients
250882160,Knorr Aromat All Purpose Savoury Seasoning 90g,£1.90,£21.11/kg,,,False,,False,4.4,35,False,https://www.tesco.com/groceries/en-GB/products/250882160,https://digitalcontent.api.tesco.com/v2/media/ghs/540b2256-d565-4baf-b4eb-86097aa695a0/78230a10-2352-4484-8bbc-1480942d0aa6_710988570.jpeg?h=225&w=225,Food Cupboard,Cooking Ingredients
312087650,Bisto Best Beef Gravy Granules 25% Less Salt 230g,£2.99,£1.30/100g,,,False,,False,4.3,62,False,https://www.tesco.com/groceries/en-GB/products/312087650,https://digitalcontent.api.tesco.com/v2/media/ghs/908d6186-79de-47f0-8a3d-49c004ad08fa/a8bec2b1-8b02-46bd-8836-b6b921ec10b1_2102864969.jpeg?h=225&w=225,Food Cupboard,Cooking Ingredients
300808076,Tesco Drizzle With Balsamic Vinegar 215Ml,£1.85,£0.86/100ml,,,False,,False,3.6,33,False,https://www.tesco.com/groceries/en-GB/products/300808076,https://digitalcontent.api.tesco.com/v2/media/ghs/ef75087e-8dc3-421c-87f8-cde9b16a9d62/0768ada3-51c0-4969-b65d-83fa03719e99_1392065082.jpeg?h=225&w=225,Food Cupboard,Cooking Ingredients
267144449,Nishaan Ginger Garlic Paste 283G,£1.90,£0.07/10g,,,False,,False,4.2,4,False,https://www.tesco.com/groceries/en-GB/products/267144449,https://digitalcontent.api.tesco.com/v2/media/ghs/cd9b01ff-4f2b-41d7-9cf4-29d07187bd02/f662d749-7389-4a65-916d-247e1f9d171b_593659179.jpeg?h=225&w=225,Food Cupboard,Cooking Ingredients
267144432,Nishaan Garlic Paste 283G,£1.90,£0.07/10g,,,False,,False,4.1,41,False,https://www.tesco.com/groceries/en-GB/products/267144432,https://digitalcontent.api.tesco.com/v2/media/ghs/a58c29ef-3804-47b8-8980-ab77ecbd864f/ca1f1ac0-ceef-4907-a08f-bf84f4aee42c_1767027097.jpeg?h=225&w=225,Food Cupboard,Cooking Ingredients
272080228,Oxo Reduced Salt Vegetable Stock Cubes 12 Pack 71G,£2.40,£3.38/100g,£2.00 Clubcard Price,(£2.82/100g),True,Offer valid for delivery from 19/02/2025 until 22/04/2025,False,4.7,86,False,https://www.tesco.com/groceries/en-GB/products/272080228,https://digitalcontent.api.tesco.com/v2/media/ghs/68c1c5bd-f6f8-4847-b541-58417cfed719/c1c8edcc-96e4-4cc5-8520-7329b4f229e4_402727376.jpeg?h=225&w=225,Food Cupboard,Cooking Ingredients
251990617,Tesco Garam Masala Spice Blend 38G,£1.00,£0.26/10g,,,False,,False,4.7,29,False,https://www.tesco.com/groceries/en-GB/products/251990617,https://digitalcontent.api.tesco.com/v2/media/ghs/c4569a5e-e9a5-4406-8185-3b22dd90f09e/61e6c7d7-847a-431b-b67a-34c768783b02_1831745505.jpeg?h=225&w=225,Food Cupboard,Cooking Ingredients
300456422,Tesco Italian Seasoning 18G ..,£1.00,£0.56/10g,,,False,,False,4.8,28,False,https://www.tesco.com/groceries/en-GB/products/300456422,https://digitalcontent.api.tesco.com/v2/media/ghs/086aa6de-943d-4db9-b245-7e1cb66caece/89e6247b-1ae7-42d1-ba5f-b477f7c5a2cb_1642973407.jpeg?h=225&w=225,Food Cupboard,Cooking Ingredients
301063378,Tesco White Breadcrumbs 175G,£1.20,£0.69/100g,,,False,,False,4.7,21,False,https://www.tesco.com/groceries/en-GB/products/301063378,https://digitalcontent.api.tesco.com/v2/media/ghs/8cee245d-b06a-4341-b21d-20a22c77bb5c/3b96e531-3184-49e0-9f47-1e7618d621dd_1998113470.jpeg?h=225&w=225,Food Cupboard,Cooking Ingredients
256147048,Tesco Freeze Dried Chives 3.5G,£1.00,£2.86/10g,,,False,,False,4.9,55,False,https://www.tesco.com/groceries/en-GB/products/256147048,https://digitalcontent.api.tesco.com/v2/media/ghs/469bd6c1-997b-4bbb-a724-c3305a0afe71/cb596fcd-e28a-483a-99a1-b501452904c8_130123728.jpeg?h=225&w=225,Food Cupboard,Cooking Ingredients
307733544,Tesco Finest British Beef & Red Onion Gravy Granules 200G,£1.90,£0.95/100g,,,False,,False,3.4,51,False,https://www.tesco.com/groceries/en-GB/products/307733544,https://digitalcontent.api.tesco.com/v2/media/ghs/c23b9296-7083-4683-b9c4-12e3be3d8f30/d8c712ad-5462-438a-bf3d-d905f8298f09_1564436484.jpeg?h=225&w=225,Food Cupboard,Cooking Ingredients
251620901,Tesco Crushed Chillies 28G,£1.00,£0.36/10g,,,False,,False,4.5,43,False,https://www.tesco.com/groceries/en-GB/products/251620901,https://digitalcontent.api.tesco.com/v2/media/ghs/3c84bbe3-f186-4e92-a328-629c7851eb56/74a54387-01d5-4f9b-a226-9343b2459ae7_728289088.jpeg?h=225&w=225,Food Cupboard,Cooking Ingredients
252068516,Tesco Ground Cayenne Pepper 48G,£1.00,£0.21/10g,,,False,,False,4.7,32,False,https://www.tesco.com/groceries/en-GB/products/252068516,https://digitalcontent.api.tesco.com/v2/media/ghs/162fdf0f-cbb5-4899-b5d7-df813f70a3f4/5f0fba61-a3d7-44b8-9121-1f6957bcb15b_1063940091.jpeg?h=225&w=225,Food Cupboard,Cooking Ingredients
251994596,Tesco Hot Chilli Powder 50G,£1.00,£0.20/10g,,,False,,False,3.9,20,False,https://www.tesco.com/groceries/en-GB/products/251994596,https://digitalcontent.api.tesco.com/v2/media/ghs/eeb982b5-5573-4b69-81a2-8d9d46c49a98/1e035195-910c-41b0-91ec-20a7c42f92ea_267422052.jpeg?h=225&w=225,Food Cupboard,Cooking Ingredients
282048558,Kallo Organic Very Low Salt Chicken Stock Cubes 48g,£1.40,£2.92/100g,£1.00 Clubcard Price,(£2.08/100g),True,Offer valid for delivery from 16/04/2025 until 13/05/2025,False,4.6,61,False,https://www.tesco.com/groceries/en-GB/products/282048558,https://digitalcontent.api.tesco.com/v2/media/ghs/d3a923b2-56be-48a9-afe1-e177c5e37210/851aad62-c449-4bb2-8624-e1b8cb1ba653_315237817.jpeg?h=225&w=225,Food Cupboard,Cooking Ingredients
255325148,Kallo Organic Low Salt Vegetable Stock Cube 60G,£1.40,£2.33/100g,£1.00 Clubcard Price,(£1.67/100g),True,Offer valid for delivery from 16/04/2025 until 13/05/2025,False,,69,False,https://www.tesco.com/groceries/en-GB/products/255325148,https://digitalcontent.api.tesco.com/v2/media/ghs/c0ea86ad-ef66-459d-a315-5f8ef3570019/747ae6ca-b7b8-437b-929f-ea3a805b2283_169760652.jpeg?h=225&w=225,Food Cupboard,Cooking Ingredients
268531364,Tesco Whole Star Anise 11G,£1.00,£0.91/10g,,,False,,False,4.2,17,False,https://www.tesco.com/groceries/en-GB/products/268531364,https://digitalcontent.api.tesco.com/v2/media/ghs/e3352917-e4de-4699-8650-3874cbe68a6c/b7cd4fd2-c8f5-41b0-b116-11a642f5e4bf_1456604498.jpeg?h=225&w=225,Food Cupboard,Cooking Ingredients
253174694,Schwartz Roast Chicken gravy Mix 26g,£0.95,£3.65/100g,Any 4 for £2.45 Clubcard Price - Selected Schwartz Recipe Mix,,True,Offer valid for delivery from 19/02/2025 until 09/07/2025,False,4.6,29,False,https://www.tesco.com/groceries/en-GB/products/253174694,https://digitalcontent.api.tesco.com/v2/media/ghs/7993460a-dc2b-4d9b-9653-34519c225124/c80cdd4b-3303-41bd-8a3a-82c542944065_374752772.jpeg?h=225&w=225,Food Cupboard,Cooking Ingredients
251994901,Tesco Mild Chilli Powder 50G,£1.00,£0.20/10g,,,False,,False,4.6,25,False,https://www.tesco.com/groceries/en-GB/products/251994901,https://digitalcontent.api.tesco.com/v2/media/ghs/8931baf4-d4cf-479a-9b3b-58c2764aa3ba/4fc4c0d8-1851-4ec8-b4a0-5821cbaad1bb_1456343818.jpeg?h=225&w=225,Food Cupboard,Cooking Ingredients
250791964,Schwartz Luxury Bread Sauce 40G,£0.95,£2.38/100g,Any 4 for £2.45 Clubcard Price - Selected Schwartz Recipe Mix,,True,Offer valid for delivery from 19/02/2025 until 09/07/2025,False,3.7,26,False,https://www.tesco.com/groceries/en-GB/products/250791964,https://digitalcontent.api.tesco.com/v2/media/ghs/9488cd89-25b0-4778-85fc-019a5d003490/9b5ef8d5-761d-4478-87fd-cc6fdbe74ba6_419434803.jpeg?h=225&w=225,Food Cupboard,Cooking Ingredients
268595570,Tesco Whole Cloves 30G,,,,,False,,False,4.7,19,False,https://www.tesco.com/groceries/en-GB/products/268595570,https://digitalcontent.api.tesco.com/v2/media/ghs/7970a68d-df97-4d61-82a8-446a53352dad/2d1d3f05-fbe5-48bc-bbca-b422be00b832_1631570182.jpeg?h=225&w=225,Food Cupboard,Cooking Ingredients
253174671,Schwartz Roast Beef Gravy Mix 27g,£0.95,£3.52/100g,Any 4 for £2.45 Clubcard Price - Selected Schwartz Recipe Mix,,True,Offer valid for delivery from 19/02/2025 until 09/07/2025,False,,30,False,https://www.tesco.com/groceries/en-GB/products/253174671,https://digitalcontent.api.tesco.com/v2/media/ghs/bf59a52a-974e-41c2-b64b-da768823e8bb/6de013a9-93d4-4bf3-aabd-e63f0c2b036a_2145375076.jpeg?h=225&w=225,Food Cupboard,Cooking Ingredients
251975976,Schwartz Chicken Chasseur Recipe Mix 40g,£0.95,£2.38/100g,Any 4 for £2.45 Clubcard Price - Selected Schwartz Recipe Mix,,True,Offer valid for delivery from 19/02/2025 until 09/07/2025,False,4.8,29,False,https://www.tesco.com/groceries/en-GB/products/251975976,https://digitalcontent.api.tesco.com/v2/media/ghs/d0e182f4-ce0b-4eb9-916f-36dfb8a76994/6b4bef1c-f50c-46c6-b026-d1b372e75a90_396338981.jpeg?h=225&w=225,Food Cupboard,Cooking Ingredients
253723108,Geo Organics Atlantic Sea Salt 250G,£1.10,£4.40/kg,,,False,,False,2.6,44,False,https://www.tesco.com/groceries/en-GB/products/253723108,https://digitalcontent.api.tesco.com/v2/media/ghs/d39c6dd1-c0f4-4c5b-ba1c-11f721c2d0e2/f4ee6e87-94a0-4456-a766-b6132ca565c9_1370034072.jpeg?h=225&w=225,Food Cupboard,Cooking Ingredients
254568745,Saxa Black Pepper 25G,£1.25,£0.50/10g,,,False,,False,3.2,8,False,https://www.tesco.com/groceries/en-GB/products/254568745,https://digitalcontent.api.tesco.com/v2/media/ghs/d4327c8e-ecc3-45a3-a7f2-74e39fde614d/7398e262-6f20-4145-9609-10c0657d1e28_916838619.jpeg?h=225&w=225,Food Cupboard,Cooking Ingredients
254804674,Saxa White Pepper 25G,£1.25,£0.50/10g,,,False,,False,4.8,38,False,https://www.tesco.com/groceries/en-GB/products/254804674,https://digitalcontent.api.tesco.com/v2/media/ghs/f0b96640-bab3-4c41-b648-c2df3af8d9fc/e0cb3bcd-983e-4340-9a57-dd6b111ed195_1180257433.jpeg?h=225&w=225,Food Cupboard,Cooking Ingredients
268004545,Schwartz Slow Cook Chicken Curry Recipe Mix 33g,£0.95,£2.88/100g,Any 4 for £2.45 Clubcard Price - Selected Schwartz Recipe Mix,,True,Offer valid for delivery from 19/02/2025 until 09/07/2025,False,3.9,21,False,https://www.tesco.com/groceries/en-GB/products/268004545,https://digitalcontent.api.tesco.com/v2/media/ghs/89a2dd59-314d-4d5d-bbb8-3e4cf0689999/41a32d3e-458f-4a9f-86b7-f42de575bb3a_2104655951.jpeg?h=225&w=225,Food Cupboard,Cooking Ingredients
256149956,Tesco Ground Nutmeg 52G,£1.00,£0.19/10g,,,False,,False,4.6,36,False,https://www.tesco.com/groceries/en-GB/products/256149956,https://digitalcontent.api.tesco.com/v2/media/ghs/54517509-6e55-40b1-b931-b5f333df6713/0fb2f2c3-9a54-49d8-887b-6ffac022b513_1600946517.jpeg?h=225&w=225,Food Cupboard,Cooking Ingredients
253628953,Filippo Berio Extra Virgin Olive Oil 1 Litre,£14.00,£1.40/100ml,£10.00 Clubcard Price,(£1.00/100ml),True,Offer valid for delivery from 16/04/2025 until 13/05/2025,False,2.9,14,False,https://www.tesco.com/groceries/en-GB/products/253628953,https://digitalcontent.api.tesco.com/v2/media/ghs/44186ebf-385f-45fd-b515-0ca71df7a1bf/cd4f92cf-ffb9-4065-b45f-dc9932a7b934_1935582838.jpeg?h=225&w=225,Food Cupboard,Cooking Ingredients
254918430,Tesco Extra Virgin Olive Oil 500Ml,£5.85,£1.17/100ml,,,False,,False,4.5,37,False,https://www.tesco.com/groceries/en-GB/products/254918430,https://digitalcontent.api.tesco.com/v2/media/ghs/1d7f2483-489e-4402-a17d-90feba7ca4ec/6244e16d-a243-4668-8fd8-ffeb2b767729_170716583.jpeg?h=225&w=225,Food Cupboard,Cooking Ingredients
259045417,Tesco Organic Extra Virgin Olive Oil 500Ml,£6.75,£1.35/100ml,,,False,,False,3.8,27,False,https://www.tesco.com/groceries/en-GB/products/259045417,https://digitalcontent.api.tesco.com/v2/media/ghs/56dcedc8-e229-47ad-9968-d72820def505/ff93ce81-2166-474e-93c7-f986c2b97a86_237120759.jpeg?h=225&w=225,Food Cupboard,Cooking Ingredients
297105301,Aspall Organic Raw Apple Cyder Vinegar 500ml,£3.75,£0.75/100ml,,,False,,False,4.9,9,False,https://www.tesco.com/groceries/en-GB/products/297105301,https://digitalcontent.api.tesco.com/v2/media/ghs/38f9a4bb-29a2-4eee-9f64-4d2f750066f4/d630bc0b-fe95-4568-b70d-a802894b28d1_1953256054.jpeg?h=225&w=225,Food Cupboard,Cooking Ingredients
274132044,Tesco Finest Cold Press Rapeseed Oil 500Ml,£3.95,£0.79/100ml,,,False,,False,4.8,25,False,https://www.tesco.com/groceries/en-GB/products/274132044,https://digitalcontent.api.tesco.com/v2/media/ghs/667a9779-7636-4362-8a88-b6053828cf23/af49bcd3-a392-45b6-9acd-805e820fdd4c_250384850.jpeg?h=225&w=225,Food Cupboard,Cooking Ingredients
279905188,Santa Maria Tellicherry Black Pepper Grinder 70G,£3.90,£0.56/10g,£2.90 Save 25% Clubcard Price,(£0.41/10g),True,Offer valid for delivery from 16/04/2025 until 13/05/2025,False,3.3,7,False,https://www.tesco.com/groceries/en-GB/products/279905188,https://digitalcontent.api.tesco.com/v2/media/ghs/0f06257b-9867-4175-8fdc-55a7a4e343b0/7039e946-2654-4b17-bbe2-7f93a49047c9_567393829.jpeg?h=225&w=225,Food Cupboard,Cooking Ingredients
306936185,Schwartz Bay Leaves 3G,£2.00,£6.67/10g,Any 2 for £3.50 Clubcard Price - Selected Schwartz Seasonings,,True,Offer valid for delivery from 21/02/2025 until 09/07/2025,False,3.8,5,False,https://www.tesco.com/groceries/en-GB/products/306936185,https://digitalcontent.api.tesco.com/v2/media/ghs/5e804894-71f8-47a3-ac66-99a330a4be2a/493858e4-94ef-4368-908b-1a144dacadf4_767905202.jpeg?h=225&w=225,Food Cupboard,Cooking Ingredients
301554009,Tesco Tahini 300G,,,,,False,,False,,17,False,https://www.tesco.com/groceries/en-GB/products/301554009,https://digitalcontent.api.tesco.com/v2/media/ghs/1ccdd054-0152-465e-a7b1-01f03a41d7a7/5ea4ecc9-e4e1-4217-a528-adf1bfa920c8_341606668.jpeg?h=225&w=225,Food Cupboard,Cooking Ingredients
309486395,Bisto Parsley Sauce Mix 185G,£3.00,£1.62/100g,,,False,,False,4.1,44,False,https://www.tesco.com/groceries/en-GB/products/309486395,https://digitalcontent.api.tesco.com/v2/media/ghs/a728290b-2d6b-444f-af93-ba7b6effba30/4ca721fa-e153-463f-b8bb-cfc1ee546d72_1456405650.jpeg?h=225&w=225,Food Cupboard,Cooking Ingredients
273912764,Tesco Garlic & Ginger Paste 95G,£1.80,£0.19/10g,,,False,,False,3.9,20,False,https://www.tesco.com/groceries/en-GB/products/273912764,https://digitalcontent.api.tesco.com/v2/media/ghs/66915abf-984b-4c7d-995a-401ecf78bbd5/0941403e-c377-4278-aade-13e6e3557992_180721789.jpeg?h=225&w=225,Food Cupboard,Cooking Ingredients
278392783,Tesco Ginger Paste 90G,£1.80,£0.20/10g,,,False,,False,3.7,20,False,https://www.tesco.com/groceries/en-GB/products/278392783,https://digitalcontent.api.tesco.com/v2/media/ghs/b353756b-8c23-45cd-a7cf-fd8199267307/cec8fcf4-b6cc-45ab-8afa-e95863f83893_708609870.jpeg?h=225&w=225,Food Cupboard,Cooking Ingredients
257512127,Schwartz Mixed Spice 28g,£2.00,£0.71/10g,Any 2 for £3.50 Clubcard Price - Selected Schwartz Seasonings,,True,Offer valid for delivery from 21/02/2025 until 09/07/2025,False,,3,False,https://www.tesco.com/groceries/en-GB/products/257512127,https://digitalcontent.api.tesco.com/v2/media/ghs/316dba58-7ddf-4df2-95fd-701dbf3c12fc/d60360e6-56dc-4bc6-b7de-ad18e5cbe646_1794810645.jpeg?h=225&w=225,Food Cupboard,Cooking Ingredients
301392397,Schwartz Ground Cinnamon 39G,£2.00,£0.51/10g,Any 2 for £3.50 Clubcard Price - Selected Schwartz Seasonings,,True,Offer valid for delivery from 21/02/2025 until 09/07/2025,False,4.3,49,False,https://www.tesco.com/groceries/en-GB/products/301392397,https://digitalcontent.api.tesco.com/v2/media/ghs/810096ca-2899-4565-8acd-11d7ad3e5d06/d957f41f-2ce7-4627-9d24-f85d1e58d182_617768324.jpeg?h=225&w=225,Food Cupboard,Cooking Ingredients
297609673,Paxo Gluten Free Stuffing Mix - Sage & Onion 150g,£3.00,£2.00/100g,,,False,,False,4.7,34,False,https://www.tesco.com/groceries/en-GB/products/297609673,https://digitalcontent.api.tesco.com/v2/media/ghs/090b5531-06e6-4ce1-9c35-7a7263b38bd3/dfc37785-0afc-4ad5-83ed-e8363fc67778_805784794.jpeg?h=225&w=225,Food Cupboard,Cooking Ingredients
251981421,Very Lazy Ginger 190G,£1.95,£0.10/10g,,,False,,False,2.5,15,False,https://www.tesco.com/groceries/en-GB/products/251981421,https://digitalcontent.api.tesco.com/v2/media/ghs/bd9fb851-41ab-49c7-9a2f-34d390ba2d20/daec5a5d-f086-4416-9ccc-91cf2f438ed7_568941758.jpeg?h=225&w=225,Food Cupboard,Cooking Ingredients
257485607,Schwartz Italian Herb Seasoning 11g,£2.00,£1.82/10g,Any 2 for £3.50 Clubcard Price - Selected Schwartz Seasonings,,True,Offer valid for delivery from 21/02/2025 until 09/07/2025,False,4.7,13,False,https://www.tesco.com/groceries/en-GB/products/257485607,https://digitalcontent.api.tesco.com/v2/media/ghs/7aab2fbc-a076-432d-aad6-cc94ce80e712/03acbd82-0fcd-4de9-91d0-52bb8600bac6_1742831306.jpeg?h=225&w=225,Food Cupboard,Cooking Ingredients
312109332,Bisto Best Onion Gravy Granules 230g,£2.99,£1.30/100g,,,False,,False,4.3,94,False,https://www.tesco.com/groceries/en-GB/products/312109332,https://digitalcontent.api.tesco.com/v2/media/ghs/d3929dcf-a3fe-4e21-bbfc-3e10c497a2d5/b95938e6-99cc-4797-b148-252464b8e674_1027053887.jpeg?h=225&w=225,Food Cupboard,Cooking Ingredients
257536462,Tesco Coarse Black Pepper 50G,£1.60,£0.32/10g,,,False,,False,4.8,51,False,https://www.tesco.com/groceries/en-GB/products/257536462,https://digitalcontent.api.tesco.com/v2/media/ghs/bb162127-42d1-470c-b9ed-d0dec63367fc/932558d4-fc01-444d-a0d3-bf0c10d1328d_1528138688.jpeg?h=225&w=225,Food Cupboard,Cooking Ingredients
254065580,Saxa Fine Sea Salt 350G,£1.65,£4.71/kg,,,False,,False,4.8,37,False,https://www.tesco.com/groceries/en-GB/products/254065580,https://digitalcontent.api.tesco.com/v2/media/ghs/3b823e6b-a2e0-449c-86e4-f4c1002f5fbf/94f51dfb-79de-44b1-83f2-b49a9b9237b7_523490441.jpeg?h=225&w=225,Food Cupboard,Cooking Ingredients
276545762,Tesco Ground Black Pepper 25G,£1.20,£0.48/10g,,,False,,False,4.8,28,False,https://www.tesco.com/groceries/en-GB/products/276545762,https://digitalcontent.api.tesco.com/v2/media/ghs/901867b9-f566-48cc-8e48-9d6a7b73322a/673e511b-330f-4179-862d-952066fb852e_1050709534.jpeg?h=225&w=225,Food Cupboard,Cooking Ingredients
272080712,Oxo Reduced Salt Chicken Stock Cubes 12 Pack 71G,£2.40,£3.38/100g,£2.00 Clubcard Price,(£2.82/100g),True,Offer valid for delivery from 19/02/2025 until 22/04/2025,False,4.7,43,False,https://www.tesco.com/groceries/en-GB/products/272080712,https://digitalcontent.api.tesco.com/v2/media/ghs/0865cba6-e9ab-4295-9b34-45555f16b61f/13e8750a-48ea-4409-884a-eedd10ba1d70_262568498.jpeg?h=225&w=225,Food Cupboard,Cooking Ingredients
262677834,Tesco Rice Wine Vinegar 150Ml,£2.25,£1.50/100ml,,,False,,False,4.2,18,False,https://www.tesco.com/groceries/en-GB/products/262677834,https://digitalcontent.api.tesco.com/v2/media/ghs/4b8f802a-85cc-4d82-805d-407df5b7f8f8/3b4ef35b-f5eb-4003-82a0-36c1753199db_274366131.jpeg?h=225&w=225,Food Cupboard,Cooking Ingredients
254881264,Knorr Lamb Stock Cubes 8x10g,£2.00,£2.50/100g,,,False,,False,,47,False,https://www.tesco.com/groceries/en-GB/products/254881264,https://digitalcontent.api.tesco.com/v2/media/ghs/534457f5-cd52-4f8f-ac27-240fd4f20e70/745acdbc-21d8-4fdc-adf2-f3d60eea02e9_600881358.jpeg?h=225&w=225,Food Cupboard,Cooking Ingredients
301454463,Nando's Bag And Bake Medium 20G,£1.35,£6.75/100g,,,False,,False,4.6,103,False,https://www.tesco.com/groceries/en-GB/products/301454463,https://digitalcontent.api.tesco.com/v2/media/ghs/487cdaab-f202-478a-ba3c-1cc2c135bd94/12c95140-66d2-49f4-b6ce-c787ed563ea4_1136955058.jpeg?h=225&w=225,Food Cupboard,Cooking Ingredients
251621347,Tesco Garlic Salt 90G,£1.00,£0.11/10g,,,False,,False,2.2,44,False,https://www.tesco.com/groceries/en-GB/products/251621347,https://digitalcontent.api.tesco.com/v2/media/ghs/597f7fb6-fe70-4610-8845-45ebbce77a04/3bc9a0bd-417d-42af-92e0-bbc88dd5cfeb_45273633.jpeg?h=225&w=225,Food Cupboard,Cooking Ingredients
264768009,Knorr Chicken Stock Cubes 20 x 10g,,,,,False,,False,4.5,221,False,https://www.tesco.com/groceries/en-GB/products/264768009,https://digitalcontent.api.tesco.com/v2/media/ghs/4c1b2128-b02b-44c9-992b-84dd72f15807/93bbb9ca-ae98-402a-878b-4b7754378d80_1977068091.jpeg?h=225&w=225,Food Cupboard,Cooking Ingredients
287851739,Tesco Fennel Seeds 36G,£1.00,£0.28/10g,,,False,,False,4.3,10,False,https://www.tesco.com/groceries/en-GB/products/287851739,https://digitalcontent.api.tesco.com/v2/media/ghs/c3d27059-7ae3-4238-bd0d-d0955a7e3c6a/c676e3d0-e64d-4b40-b831-ce465f62bf17_953310448.jpeg?h=225&w=225,Food Cupboard,Cooking Ingredients
289036849,Tesco Chicken Stock Pots 4 Pack 112g,£1.50,£1.34/100g,,,False,,False,,29,False,https://www.tesco.com/groceries/en-GB/products/289036849,https://digitalcontent.api.tesco.com/v2/media/ghs/c773d273-c698-4c73-8789-515ae47645d8/c915d13a-ddec-473e-8af3-3ff936b7342b_137820548.jpeg?h=225&w=225,Food Cupboard,Cooking Ingredients
297461431,Kallo Organic Vegetable Stock Cubes 8 Pack 88g,£1.90,£2.16/100g,,,False,,False,4.6,49,False,https://www.tesco.com/groceries/en-GB/products/297461431,https://digitalcontent.api.tesco.com/v2/media/ghs/655bec5a-4d00-4927-96ce-8cda67025f19/9bdfa03d-fa90-451a-8b09-11c811d7b302_1897647265.jpeg?h=225&w=225,Food Cupboard,Cooking Ingredients
260745740,East End Garlic Powder 100G,£1.30,£0.13/10g,,,False,,False,3.5,2,False,https://www.tesco.com/groceries/en-GB/products/260745740,https://digitalcontent.api.tesco.com/v2/media/ghs/38dc9693-f10d-48e0-aa9f-ac7f583a6a5d/4be96f03-8fed-4c35-9d5d-44b2c66b7ef0_1740029324.jpeg?h=225&w=225,Food Cupboard,Cooking Ingredients
297461454,Kallo Organic Chicken Stock Cubes 8Pk 88G,£1.90,£2.16/100g,,,False,,False,4.3,54,False,https://www.tesco.com/groceries/en-GB/products/297461454,https://digitalcontent.api.tesco.com/v2/media/ghs/85d3e3f0-21be-4260-b4e4-86cb694b05f6/53be5c7e-046a-446f-b90b-24eac7eb3b87_915366331.jpeg?h=225&w=225,Food Cupboard,Cooking Ingredients
251620642,Tesco Chinese 5 Spice 34G,£1.00,£0.29/10g,,,False,,False,4.1,18,False,https://www.tesco.com/groceries/en-GB/products/251620642,https://digitalcontent.api.tesco.com/v2/media/ghs/fe5b9396-cd2f-4256-8512-8b47fa6431f9/5d87d5ec-5e05-4f33-9477-224c7331176b_1235110005.jpeg?h=225&w=225,Food Cupboard,Cooking Ingredients
264546036,Tesco Beef Stock Cubes 10 Pack 100g,£1.10,£1.10/100g,,,False,,False,,36,False,https://www.tesco.com/groceries/en-GB/products/264546036,https://digitalcontent.api.tesco.com/v2/media/ghs/5332e64f-5de5-401b-b870-a5c415c145ee/40c9ae7a-4e2f-42e6-8be8-5c7ed48add74_709257721.jpeg?h=225&w=225,Food Cupboard,Cooking Ingredients
251622761,Tesco Whole Cumin Seeds 37G,£1.00,£0.27/10g,,,False,,False,4.9,22,False,https://www.tesco.com/groceries/en-GB/products/251622761,https://digitalcontent.api.tesco.com/v2/media/ghs/34e9e0d9-5146-460a-afdd-11ab8f62f54f/854b1343-cfde-4051-8f1b-58ec841d31ad_1494045873.jpeg?h=225&w=225,Food Cupboard,Cooking Ingredients
308868711,Yo! Aromatic Katsu Curry Sauce Mix 40G,£1.00,£2.50/100g,80p Clubcard Price,(£2.00/100g),True,Offer valid for delivery from 16/04/2025 until 13/05/2025,False,3.2,6,False,https://www.tesco.com/groceries/en-GB/products/308868711,https://digitalcontent.api.tesco.com/v2/media/ghs/710446ca-71dd-41fa-a4f4-bbe19ffe4323/2ff6b5f2-c720-4b65-9f1c-6f67a0461c88_952534397.jpeg?h=225&w=225,Food Cupboard,Cooking Ingredients
304395648,Tesco Birds Eye Chilli Flakes 32G,£1.00,£0.31/10g,,,False,,False,4.8,23,False,https://www.tesco.com/groceries/en-GB/products/304395648,https://digitalcontent.api.tesco.com/v2/media/ghs/1e9b4086-28df-4f0b-924a-e665fa43b544/66c547ad-7323-4e09-a69b-469f71d9c65a_218737196.jpeg?h=225&w=225,Food Cupboard,Cooking Ingredients
293163485,Schwartz Spanish Paella Recipe Mix 30g,£0.95,£3.17/100g,Any 4 for £2.45 Clubcard Price - Selected Schwartz Recipe Mix,,True,Offer valid for delivery from 19/02/2025 until 09/07/2025,False,,14,False,https://www.tesco.com/groceries/en-GB/products/293163485,https://digitalcontent.api.tesco.com/v2/media/ghs/9db5caaa-5e63-4187-8020-50fa2fd1f183/d5fe22fd-a353-4b10-b996-3ad46572776a_840497306.jpeg?h=225&w=225,Food Cupboard,Cooking Ingredients
254882608,Schwartz Lasagne Recipe Mix 36g,£0.95,£2.64/100g,Any 4 for £2.45 Clubcard Price - Selected Schwartz Recipe Mix,,True,Offer valid for delivery from 19/02/2025 until 09/07/2025,False,4.9,15,False,https://www.tesco.com/groceries/en-GB/products/254882608,https://digitalcontent.api.tesco.com/v2/media/ghs/22790837-7ad6-4bda-ae83-182de99b0742/c443ec86-7906-4a59-8139-b628884a6b0b_1717670056.jpeg?h=225&w=225,Food Cupboard,Cooking Ingredients
255887509,Schwartz Somerset Pork Casserole Recipe Mix 36g,£0.95,£2.64/100g,Any 4 for £2.45 Clubcard Price - Selected Schwartz Recipe Mix,,True,Offer valid for delivery from 19/02/2025 until 09/07/2025,False,4.4,12,False,https://www.tesco.com/groceries/en-GB/products/255887509,https://digitalcontent.api.tesco.com/v2/media/ghs/eb5c9de0-b19e-4cbd-85dd-a1f044f11985/018403fa-6464-498b-b9fc-bfb525e199d3_20437526.jpeg?h=225&w=225,Food Cupboard,Cooking Ingredients
285779431,Schwartz Chicken & Leek Bake Recipe Mix 35g,£0.95,£2.71/100g,Any 4 for £2.45 Clubcard Price - Selected Schwartz Recipe Mix,,True,Offer valid for delivery from 19/02/2025 until 09/07/2025,False,4.7,24,False,https://www.tesco.com/groceries/en-GB/products/285779431,https://digitalcontent.api.tesco.com/v2/media/ghs/cc527aee-e614-4a9b-8af7-2f8c84b7560d/c2293edf-e5bf-46e6-b4c8-6a411f51b48e_217065988.jpeg?h=225&w=225,Food Cupboard,Cooking Ingredients
259741019,East End Ground Cumin Powder 100G,,,,,False,,False,,,False,https://www.tesco.com/groceries/en-GB/products/259741019,https://digitalcontent.api.tesco.com/v2/media/ghs/fed09d5a-10a3-4f3e-9350-9969b0670b79/0bc596dc-455a-4e21-820f-ec0b6c735f35_1420694498.jpeg?h=225&w=225,Food Cupboard,Cooking Ingredients
255592950,Napolina Light & Mild Olive Oil 500Ml,£7.95,£1.59/100ml,,,False,,False,4.2,4,False,https://www.tesco.com/groceries/en-GB/products/255592950,https://digitalcontent.api.tesco.com/v2/media/ghs/c20d4672-f6bf-40e0-a7b5-980044197601/63622e22-30ef-4d6f-a43c-ac1358dfc7b5_2084859344.jpeg?h=225&w=225,Food Cupboard,Cooking Ingredients
279684661,Filippo Berio Balsamic Vinegar 250Ml,£3.25,£1.30/100ml,£2.50 Clubcard Price,(£1.00/100ml),True,Offer valid for delivery from 16/04/2025 until 13/05/2025,False,4.2,5,False,https://www.tesco.com/groceries/en-GB/products/279684661,https://digitalcontent.api.tesco.com/v2/media/ghs/be99bd80-1ce5-4e70-9a1e-de0cf3857478/0837db7b-26ed-4d1b-8899-75ac6a031656_1637794430.jpeg?h=225&w=225,Food Cupboard,Cooking Ingredients
268510850,Aspall Organic Cyder Vinegar 350Ml,£2.20,£0.63/100ml,,,False,,False,4.7,3,False,https://www.tesco.com/groceries/en-GB/products/268510850,https://digitalcontent.api.tesco.com/v2/media/ghs/96a6ff2e-23ac-4481-93b7-d6b7f7ac81ca/f8905e09-f656-44ef-90c6-da5600c53e66_493560436.jpeg?h=225&w=225,Food Cupboard,Cooking Ingredients
301392459,Schwartz Mixed Herbs 11G,£2.00,£1.82/10g,Any 2 for £3.50 Clubcard Price - Selected Schwartz Seasonings,,True,Offer valid for delivery from 21/02/2025 until 09/07/2025,False,,22,False,https://www.tesco.com/groceries/en-GB/products/301392459,https://digitalcontent.api.tesco.com/v2/media/ghs/95a0a947-71b2-4462-988e-6952dee1e913/cf7820ff-1886-49a4-97d8-f7cbb83d27eb_172366836.jpeg?h=225&w=225,Food Cupboard,Cooking Ingredients
304368111,Tesco Miso Paste 100G,£1.80,£0.18/10g,,,False,,False,3.9,18,False,https://www.tesco.com/groceries/en-GB/products/304368111,https://digitalcontent.api.tesco.com/v2/media/ghs/e71b686c-71fd-4540-8f65-9b1a76d47630/ed6733ad-7bdf-4841-990b-c93b4704ea7d_2007832583.jpeg?h=225&w=225,Food Cupboard,Cooking Ingredients
256150683,Tesco Ground White Pepper 100G,£2.50,£0.25/10g,,,False,,False,3.1,22,False,https://www.tesco.com/groceries/en-GB/products/256150683,https://digitalcontent.api.tesco.com/v2/media/ghs/341b757f-99df-44f1-a395-a217741baacb/a4f0f495-8280-4951-b61f-36bca0393b28_579592721.jpeg?h=225&w=225,Food Cupboard,Cooking Ingredients
309169771,Bisto White Sauce Mix 185G,£3.00,£1.62/100g,,,False,,False,4.6,43,False,https://www.tesco.com/groceries/en-GB/products/309169771,https://digitalcontent.api.tesco.com/v2/media/ghs/d54093f0-6768-402d-8b00-08db419bbd0c/1fbffbab-ee7c-47f6-b2bc-0a92af0e6227_1624027149.jpeg?h=225&w=225,Food Cupboard,Cooking Ingredients
287206972,Tesco Ground Nut Oil 500ml,£2.80,£0.56/100ml,,,False,,False,4.9,28,False,https://www.tesco.com/groceries/en-GB/products/287206972,https://digitalcontent.api.tesco.com/v2/media/ghs/7b76cdd2-f83a-41f7-b5cc-a5b2b4a23c9f/22d71c4c-cd00-4b10-83c3-087c626c7117_173228039.jpeg?h=225&w=225,Food Cupboard,Cooking Ingredients
257518000,Schwartz Fajita Seasoning 46g,£2.00,£0.44/10g,Any 2 for £3.50 Clubcard Price - Selected Schwartz Seasonings,,True,Offer valid for delivery from 21/02/2025 until 09/07/2025,False,4.5,43,False,https://www.tesco.com/groceries/en-GB/products/257518000,https://digitalcontent.api.tesco.com/v2/media/ghs/5c668119-f48b-453d-adcc-d6c6377fda4c/8577d1eb-276d-4ae9-85dd-f73089969fa5_850401914.jpeg?h=225&w=225,Food Cupboard,Cooking Ingredients
254918672,Schwartz Cinnamon Sticks 13G Jar,£2.00,£1.54/10g,Any 2 for £3.50 Clubcard Price - Selected Schwartz Seasonings,,True,Offer valid for delivery from 21/02/2025 until 09/07/2025,False,,6,False,https://www.tesco.com/groceries/en-GB/products/254918672,https://digitalcontent.api.tesco.com/v2/media/ghs/14f1abfa-7fc9-4f3f-9d8e-6217ae1ebfa1/014338a2-b1d1-4448-b73b-c9c5aab8ddd8_583317206.jpeg?h=225&w=225,Food Cupboard,Cooking Ingredients
253637562,Very Lazy Red Chillies 190G,£1.95,£0.10/10g,,,False,,False,3.8,13,False,https://www.tesco.com/groceries/en-GB/products/253637562,https://digitalcontent.api.tesco.com/v2/media/ghs/8c0aafc1-c9b4-4a71-ab76-be888ff811b8/09ad4677-8296-4e30-b17b-1fbdd8c6219e_2029389253.jpeg?h=225&w=225,Food Cupboard,Cooking Ingredients
305523721,Belazu Balsamic Sun Dried Tomato Paste 130G,£2.55,£1.96/100g,,,False,,False,,18,False,https://www.tesco.com/groceries/en-GB/products/305523721,https://digitalcontent.api.tesco.com/v2/media/ghs/4e76a3db-9417-4240-b0cf-bc031011c28b/33c264a4-5097-4a8b-b931-2232d266140d_92143483.jpeg?h=225&w=225,Food Cupboard,Cooking Ingredients
312098775,Bisto Best Vegetable Gravy Granules 230g,£2.99,£1.30/100g,,,False,,False,4.6,45,False,https://www.tesco.com/groceries/en-GB/products/312098775,https://digitalcontent.api.tesco.com/v2/media/ghs/434d3c3a-8540-42a9-9507-1f8ae0f82bcb/26b9df12-69ce-484a-beb5-87535660580b_1183856158.jpeg?h=225&w=225,Food Cupboard,Cooking Ingredients
257485319,Schwartz Coriander Leaf 7G Jar,£2.00,£2.86/10g,Any 2 for £3.50 Clubcard Price - Selected Schwartz Seasonings,,True,Offer valid for delivery from 21/02/2025 until 09/07/2025,False,,3,False,https://www.tesco.com/groceries/en-GB/products/257485319,https://digitalcontent.api.tesco.com/v2/media/ghs/9fbd51c7-d0af-4fb8-87a8-87aa8b3ce020/3027e95d-0b95-41c6-b29b-2fea25537f27_288770971.jpeg?h=225&w=225,Food Cupboard,Cooking Ingredients
301392437,Schwartz Garlic Granules 50G,£2.00,£0.40/10g,Any 2 for £3.50 Clubcard Price - Selected Schwartz Seasonings,,True,Offer valid for delivery from 21/02/2025 until 09/07/2025,False,4.7,15,False,https://www.tesco.com/groceries/en-GB/products/301392437,https://digitalcontent.api.tesco.com/v2/media/ghs/f9b54648-1cbe-408e-9683-b335845dcbe7/16258caa-56d9-46c0-b21d-23e96b780865_1162120390.jpeg?h=225&w=225,Food Cupboard,Cooking Ingredients
312355811,Bisto Best Pork Gravy Granules 230g,£2.99,£1.30/100g,,,False,,False,4.8,42,False,https://www.tesco.com/groceries/en-GB/products/312355811,https://digitalcontent.api.tesco.com/v2/media/ghs/b487ab20-e0e1-4fbf-bad2-45e451506cf4/fd2efbc6-2608-42ba-841f-dd587430e6d5_849605339.jpeg?h=225&w=225,Food Cupboard,Cooking Ingredients
254193744,Saxa Coarse Sea Salt 350G,£1.65,£4.71/kg,,,False,,False,4.6,7,False,https://www.tesco.com/groceries/en-GB/products/254193744,https://digitalcontent.api.tesco.com/v2/media/ghs/7b13f6e6-ffde-4de6-9f6b-71efdbbf6c0b/0e9c162a-0bef-4646-ad11-b092c7a16106_889180706.jpeg?h=225&w=225,Food Cupboard,Cooking Ingredients
257872472,Oxo Chicken Stock Cubes 24 Pack 142g,£3.10,£2.18/100g,,,False,,False,4.8,32,False,https://www.tesco.com/groceries/en-GB/products/257872472,https://digitalcontent.api.tesco.com/v2/media/ghs/65658b61-ea1f-40e6-bbbc-23498dd0009f/5f3b9e89-ec76-47d7-9681-52893242cc51_566990135.jpeg?h=225&w=225,Food Cupboard,Cooking Ingredients
305979475,Oxo 12 Meat Free Stock Cubes Beef Flavour 71G,£2.40,£3.38/100g,£2.00 Clubcard Price,(£2.82/100g),True,Offer valid for delivery from 19/02/2025 until 22/04/2025,False,4.5,84,False,https://www.tesco.com/groceries/en-GB/products/305979475,https://digitalcontent.api.tesco.com/v2/media/ghs/1dc3bacb-eee7-4dec-a251-b057cb8dca59/2dada791-e483-4c76-bd91-c8a2b0c2aa1c_1562769091.jpeg?h=225&w=225,Food Cupboard,Cooking Ingredients
255677977,Sarsons Distilled Malt Vinegar 568Ml,£1.60,£0.28/100ml,,,False,,False,3.8,5,False,https://www.tesco.com/groceries/en-GB/products/255677977,https://digitalcontent.api.tesco.com/v2/media/ghs/9e2310d2-174f-4c7f-9ec7-173e4f1381a1/cb2bcbcd-8dc4-417f-8aaf-8e341182a142_1176327470.jpeg?h=225&w=225,Food Cupboard,Cooking Ingredients
259685863,East End Ground Coriander Powder 100G,£1.30,£0.13/10g,,,False,,False,4.5,2,False,https://www.tesco.com/groceries/en-GB/products/259685863,https://digitalcontent.api.tesco.com/v2/media/ghs/0ba8e785-2977-4d5f-82de-bbc14b95e52f/842308e4-326c-481e-9d45-cf76fb50df32_1502629682.jpeg?h=225&w=225,Food Cupboard,Cooking Ingredients
302288208,Cornish Sea Salt Flakes 150G,£1.85,£12.33/kg,,,False,,False,,2,False,https://www.tesco.com/groceries/en-GB/products/302288208,https://digitalcontent.api.tesco.com/v2/media/ghs/b7602490-2d40-41d5-99c2-4db8bc5938f9/b34d7322-592a-4966-bb77-7b6a8661d7aa_238077194.jpeg?h=225&w=225,Food Cupboard,Cooking Ingredients
297609736,Bisto Gluten Free Gravy Granules 175G,£4.00,£2.29/100g,,,False,,False,4.7,38,False,https://www.tesco.com/groceries/en-GB/products/297609736,https://digitalcontent.api.tesco.com/v2/media/ghs/7ae34335-4ee2-47fe-b94e-441d0358c878/056ea74a-5f8e-43c8-a813-55415d2b780b_1348850059.jpeg?h=225&w=225,Food Cupboard,Cooking Ingredients
285353779,Tesco Bouquet Garni 5G,£1.00,£2.00/10g,,,False,,False,4.8,17,False,https://www.tesco.com/groceries/en-GB/products/285353779,https://digitalcontent.api.tesco.com/v2/media/ghs/8629b589-d150-4ea4-ac2a-3e27e57e20ba/4d1a517a-3d97-4448-ae6e-dd67b735b812_986049461.jpeg?h=225&w=225,Food Cupboard,Cooking Ingredients
289081230,Tesco Onion Salt 80G,£1.00,£0.12/10g,,,False,,False,4.1,24,False,https://www.tesco.com/groceries/en-GB/products/289081230,https://digitalcontent.api.tesco.com/v2/media/ghs/bba89520-76df-4fdc-904c-8323422c516d/1447732d-fe33-4630-8071-ce329434059c_54883549.jpeg?h=225&w=225,Food Cupboard,Cooking Ingredients
264767990,Knorr Vegetable Stock Cubes 20 x 10g,£2.50,£1.25/100g,,,False,,False,4.4,164,False,https://www.tesco.com/groceries/en-GB/products/264767990,https://digitalcontent.api.tesco.com/v2/media/ghs/1a323b46-9f07-482c-9abe-5ab5047ba6c0/13d3b55f-7996-405c-8ef4-81c7d82d1cb9_1227770233.jpeg?h=225&w=225,Food Cupboard,Cooking Ingredients
289036918,Tesco Vegetable Stockpot 4 Pack 112G,£1.50,£1.34/100g,,,False,,False,4.3,31,False,https://www.tesco.com/groceries/en-GB/products/289036918,https://digitalcontent.api.tesco.com/v2/media/ghs/ca57228f-f944-45f1-95d7-ffef43abd926/3f49a3e5-5f44-45f8-8c61-8501569ad745_2135210633.jpeg?h=225&w=225,Food Cupboard,Cooking Ingredients
277971900,Nando's Peri Peri Rub Lemon & Herb 25G,£1.25,£50.00/kg,,,False,,False,,2,False,https://www.tesco.com/groceries/en-GB/products/277971900,https://digitalcontent.api.tesco.com/v2/media/ghs/ce270318-f514-4936-9dbe-c8c672533b15/57c8ce3e-be18-4b0b-aaad-319538d86c03_2120467993.jpeg?h=225&w=225,Food Cupboard,Cooking Ingredients
277971727,Nando's Peri Peri Rub Bbq 25G,£1.25,£50.00/kg,,,False,,False,,4,False,https://www.tesco.com/groceries/en-GB/products/277971727,https://digitalcontent.api.tesco.com/v2/media/ghs/55a116d1-c34c-44fe-946b-d09a02a61cf1/58b2a99d-6364-41e4-a74f-b40c4e07bf17_1426495940.jpeg?h=225&w=225,Food Cupboard,Cooking Ingredients
297461477,Kallo Organic Beef Stock Cubes 8 Pack 88g,£1.90,£2.16/100g,,,False,,False,4.5,54,False,https://www.tesco.com/groceries/en-GB/products/297461477,https://digitalcontent.api.tesco.com/v2/media/ghs/61b5e634-fe7d-4e24-9c20-db45d13c8b58/20febed0-3d85-4a5d-9af8-f1b9f9958f72_9271791.jpeg?h=225&w=225,Food Cupboard,Cooking Ingredients
300456369,Tesco Dill 7G,£1.00,£1.43/10g,,,False,,False,4.7,26,False,https://www.tesco.com/groceries/en-GB/products/300456369,https://digitalcontent.api.tesco.com/v2/media/ghs/32729fd1-82f7-4b2d-b4e6-4af150ce65dc/e994cb7a-c453-4115-800c-b80487e6c63c_1584999334.jpeg?h=225&w=225,Food Cupboard,Cooking Ingredients
292975862,Knorr Lamb Stock Pot 4x28g,£1.90,£1.70/100g,£1.25 Save 1/3 Clubcard Price,(£1.12/100g),True,Offer valid for delivery from 19/03/2025 until 22/04/2025,False,4.1,40,False,https://www.tesco.com/groceries/en-GB/products/292975862,https://digitalcontent.api.tesco.com/v2/media/ghs/eae62b3e-f608-421e-9aa4-06279b59c547/41cb7704-c81f-4179-be86-d3f892ad0ecd_1517842969.jpeg?h=225&w=225,Food Cupboard,Cooking Ingredients
308102495,Colman's Big Night In Chicken Kebab Recipe Mix 30G,£0.90,£3.00/100g,65p Clubcard Price,(£2.17/100g),True,Offer valid for delivery from 16/04/2025 until 10/06/2025,False,4.7,38,False,https://www.tesco.com/groceries/en-GB/products/308102495,https://digitalcontent.api.tesco.com/v2/media/ghs/45a86df8-365a-442d-b9e4-e94100ab59b6/c6e13131-330e-4cc5-bdae-04a7116d7c6f_2017710841.jpeg?h=225&w=225,Food Cupboard,Cooking Ingredients
253714062,Schwartz Lamb Casserole Recipe Mix 35g,£0.95,£2.71/100g,Any 4 for £2.45 Clubcard Price - Selected Schwartz Recipe Mix,,True,Offer valid for delivery from 19/02/2025 until 09/07/2025,False,4.2,6,False,https://www.tesco.com/groceries/en-GB/products/253714062,https://digitalcontent.api.tesco.com/v2/media/ghs/fcc1f287-b0c7-42e8-b65c-4336019ab698/3053c01f-b176-40e6-a677-7eebb3c90b61_310492596.jpeg?h=225&w=225,Food Cupboard,Cooking Ingredients
260742933,East End Chinese Cinnamon Sticks 100G,£1.30,£0.13/10g,,,False,,False,1.7,14,False,https://www.tesco.com/groceries/en-GB/products/260742933,https://digitalcontent.api.tesco.com/v2/media/ghs/27803fa9-59b0-4eaa-ac3c-bdc3e5bf4a37/d16f9615-72a2-4b44-a5b3-b51eaac15449_1733695609.jpeg?h=225&w=225,Food Cupboard,Cooking Ingredients
268531341,Tesco Ground All Spice 33G,£1.00,£0.30/10g,,,False,,False,4.3,9,False,https://www.tesco.com/groceries/en-GB/products/268531341,https://digitalcontent.api.tesco.com/v2/media/ghs/86a33e0d-0bb5-4438-96bc-68aa771cf40c/5e11bafe-62ce-4e1f-8467-279aed380a51_18348363.jpeg?h=225&w=225,Food Cupboard,Cooking Ingredients
305438049,Schwartz One Pan Spanish Chicken & Rice Recipe Mix 30g,£0.95,£3.17/100g,Any 4 for £2.45 Clubcard Price - Selected Schwartz Recipe Mix,,True,Offer valid for delivery from 19/02/2025 until 09/07/2025,False,4.8,27,False,https://www.tesco.com/groceries/en-GB/products/305438049,https://digitalcontent.api.tesco.com/v2/media/ghs/038df8b7-8c40-4ad6-a21c-baf825f8460f/1d9258d7-f8d6-4329-b24d-aa3ad0a453ef_732830631.jpeg?h=225&w=225,Food Cupboard,Cooking Ingredients
272573711,Schwartz Slow Cook Chicken Provençal Recipe Mix 35g,£0.95,£2.71/100g,Any 4 for £2.45 Clubcard Price - Selected Schwartz Recipe Mix,,True,Offer valid for delivery from 19/02/2025 until 09/07/2025,False,4.9,16,False,https://www.tesco.com/groceries/en-GB/products/272573711,https://digitalcontent.api.tesco.com/v2/media/ghs/feca3a00-998f-44b9-9c81-d8a61cb8fce4/1a9950b9-d780-4494-8e8d-7124dcbe694c_438537037.jpeg?h=225&w=225,Food Cupboard,Cooking Ingredients
305738179,Maggi Mediterranean Chicken Seasoning & Cooking Bag 37g,£0.70,£1.89/100g,,,False,,False,4.8,8,False,https://www.tesco.com/groceries/en-GB/products/305738179,https://digitalcontent.api.tesco.com/v2/media/ghs/5f7dad8d-29b8-4d9a-ae83-773bad757884/684a73f7-b9e0-49da-9c6c-9675145f3f47_523847220.jpeg?h=225&w=225,Food Cupboard,Cooking Ingredients
259685759,East End Garam Masala Powder 100G,£1.30,£0.13/10g,,,False,,False,,3,False,https://www.tesco.com/groceries/en-GB/products/259685759,https://digitalcontent.api.tesco.com/v2/media/ghs/41ca876d-d3b0-4274-b66b-97fae2219f4d/c5e65b4b-101e-4f24-a4a5-4bac68bb38b7_1705839651.jpeg?h=225&w=225,Food Cupboard,Cooking Ingredients
274791841,Maggi So Juicy Garlic Recipe Mix 30g,£0.70,£2.33/100g,,,False,,False,4.3,12,False,https://www.tesco.com/groceries/en-GB/products/274791841,https://digitalcontent.api.tesco.com/v2/media/ghs/b4dcd68f-ecb2-49a9-a4d7-3858d6873b3d/b93e31b6-1220-4298-8bac-880e2d0e6552.jpeg?h=225&w=225,Food Cupboard,Cooking Ingredients
251622093,Tesco Saffron 0.5G,£4.15,£83.00/10g,,,False,,False,2.7,9,False,https://www.tesco.com/groceries/en-GB/products/251622093,https://digitalcontent.api.tesco.com/v2/media/ghs/f51e5d81-c7bf-4f12-a697-0f8781e2a850/2455e6df-d9f1-451e-88ce-ae2f64c74581_1519209559.jpeg?h=225&w=225,Food Cupboard,Cooking Ingredients
268622297,Groovy Virgin Coconut Oil 283Ml,£4.75,£1.68/100ml,£4.25 Clubcard Price,(£1.50/100ml),True,Offer valid for delivery from 16/04/2025 until 13/05/2025,False,,1,False,https://www.tesco.com/groceries/en-GB/products/268622297,https://digitalcontent.api.tesco.com/v2/media/ghs/9df066ed-92b5-4726-a111-50cf586c71ca/d293d322-66e3-462f-a8c5-0c2efd27955d_1762688211.jpeg?h=225&w=225,Food Cupboard,Cooking Ingredients
300456324,Tesco Finest Pink Himalayan Salt Mill 95G,£3.00,£31.58/kg,,,False,,False,2.7,24,False,https://www.tesco.com/groceries/en-GB/products/300456324,https://digitalcontent.api.tesco.com/v2/media/ghs/5aea9674-61d1-47c4-8d71-0ffb40a9d642/0fad0607-28af-4fed-9208-6a862f216faa_201972300.jpeg?h=225&w=225,Food Cupboard,Cooking Ingredients
258732677,Flora Pure Sunflower Oil 2L,£5.75,£0.29/100ml,,,False,,False,2.3,3,False,https://www.tesco.com/groceries/en-GB/products/258732677,https://digitalcontent.api.tesco.com/v2/media/ghs/4b51cc4e-39f8-420d-a76f-df0541deb162/19764cb6-4867-4569-ab28-ce7b9d6344a1_1936859254.jpeg?h=225&w=225,Food Cupboard,Cooking Ingredients
312208065,Marigold Engevita B12 Yeast Flakes 100G,£4.00,£4.00/100g,,,False,,False,3.9,10,False,https://www.tesco.com/groceries/en-GB/products/312208065,https://digitalcontent.api.tesco.com/v2/media/ghs/2de904c4-766f-44d9-b598-71930bf9facf/c9ee9107-39aa-4a81-972d-a0679c74040a_749867244.jpeg?h=225&w=225,Food Cupboard,Cooking Ingredients
303843656,Belazu Rose Harissa Paste 130G,£4.20,£0.32/10g,,,False,,False,4.5,22,False,https://www.tesco.com/groceries/en-GB/products/303843656,https://digitalcontent.api.tesco.com/v2/media/ghs/7ff82a78-fab9-405c-9c6b-763f0d1658cc/cf9b4e5f-e23d-4e5d-9a77-724056c3c14a_159216900.jpeg?h=225&w=225,Food Cupboard,Cooking Ingredients
272672231,Blue Dragon Rice Vinegar 150Ml,£2.20,£1.47/100ml,£1.50 Clubcard Price,(£1.00/100ml),True,Offer valid for delivery from 16/04/2025 until 10/06/2025,False,,1,False,https://www.tesco.com/groceries/en-GB/products/272672231,https://digitalcontent.api.tesco.com/v2/media/ghs/467d07ac-d440-4168-93dd-980ea4b7f5b0/f63533dd-1b36-43cb-8693-eda809da3944_1367827945.jpeg?h=225&w=225,Food Cupboard,Cooking Ingredients
254919066,Schwartz Flat Leaf Parsley 3g,£2.00,£6.67/10g,Any 2 for £3.50 Clubcard Price - Selected Schwartz Seasonings,,True,Offer valid for delivery from 21/02/2025 until 09/07/2025,False,,5,False,https://www.tesco.com/groceries/en-GB/products/254919066,https://digitalcontent.api.tesco.com/v2/media/ghs/28ed998c-f716-4e7f-9704-9f700a640f7c/b9f3744b-1ce9-40d2-b912-eb84003297f2_1395064652.jpeg?h=225&w=225,Food Cupboard,Cooking Ingredients
256338738,Schwartz Mild Curry Powder 85G,£2.25,£0.26/10g,Any 2 for £3.50 Clubcard Price - Selected Schwartz Seasonings,,True,Offer valid for delivery from 21/02/2025 until 09/07/2025,False,,3,False,https://www.tesco.com/groceries/en-GB/products/256338738,https://digitalcontent.api.tesco.com/v2/media/ghs/a779434c-826a-4efe-a792-107aaa5119b2/3934f041-b59e-4f06-8b7d-d929fd0db21a_713576697.jpeg?h=225&w=225,Food Cupboard,Cooking Ingredients
254764288,Schwartz Pepper & garlic Steak Seasoning 46g,£2.00,£0.44/10g,Any 2 for £3.50 Clubcard Price - Selected Schwartz Seasonings,,True,Offer valid for delivery from 21/02/2025 until 09/07/2025,False,4.7,22,False,https://www.tesco.com/groceries/en-GB/products/254764288,https://digitalcontent.api.tesco.com/v2/media/ghs/6436d44a-e07b-46dd-b76c-90360a05669c/bb57de86-1110-4fb9-be35-728f8f879081_1908983820.jpeg?h=225&w=225,Food Cupboard,Cooking Ingredients
296219992,Schwartz Paprika & Onion Chicken Seasoning 50g,£2.00,£0.40/10g,Any 2 for £3.50 Clubcard Price - Selected Schwartz Seasonings,,True,Offer valid for delivery from 21/02/2025 until 09/07/2025,False,4.9,30,False,https://www.tesco.com/groceries/en-GB/products/296219992,https://digitalcontent.api.tesco.com/v2/media/ghs/4f67d85d-79b6-457f-913d-3e6d57d02e43/1f2a5f9e-5b95-436e-9fd6-cd7683b809bc_1445166892.jpeg?h=225&w=225,Food Cupboard,Cooking Ingredients
311938521,Frylight Rapeseed Oil Spray 190Ml,£2.75,£1.45/100ml,,,False,,False,4.7,7,False,https://www.tesco.com/groceries/en-GB/products/311938521,https://digitalcontent.api.tesco.com/v2/media/ghs/4c0265cc-694d-495b-aedb-6cd48c7298b8/cc49bdeb-b62e-4206-a8ff-8f6c26bfcadf_952470426.jpeg?h=225&w=225,Food Cupboard,Cooking Ingredients
255865432,"Schwartz Salt, Paprika & Pepper Season All Seasoning 70g",£2.00,£0.29/10g,Any 2 for £3.50 Clubcard Price - Selected Schwartz Seasonings,,True,Offer valid for delivery from 21/02/2025 until 09/07/2025,False,3.7,12,False,https://www.tesco.com/groceries/en-GB/products/255865432,https://digitalcontent.api.tesco.com/v2/media/ghs/9ad75a66-1591-453a-ae95-c7e25a55ef0d/f1372716-f16c-47f8-b09d-d55a86ef78fd_669202619.jpeg?h=225&w=225,Food Cupboard,Cooking Ingredients
301392495,Schwartz Paprika 40G,£2.00,£0.50/10g,Any 2 for £3.50 Clubcard Price - Selected Schwartz Seasonings,,True,Offer valid for delivery from 21/02/2025 until 09/07/2025,False,4.9,25,False,https://www.tesco.com/groceries/en-GB/products/301392495,https://digitalcontent.api.tesco.com/v2/media/ghs/2e781fbf-f4f7-4d07-a19f-98eb25597f8d/d674c4bb-ed09-4a06-ae1e-4f682bada606_1271965178.jpeg?h=225&w=225,Food Cupboard,Cooking Ingredients
277971543,Nando's Peri Peri Salt 70G,£2.00,£0.29/10g,,,False,,False,,2,False,https://www.tesco.com/groceries/en-GB/products/277971543,https://digitalcontent.api.tesco.com/v2/media/ghs/daad8980-be9c-4210-8218-e1c7d0d670c4/0cd65509-4e58-47cc-b65a-01a13ba24f77_700165379.jpeg?h=225&w=225,Food Cupboard,Cooking Ingredients
279722790,Very Lazy Smoked Chopped Garlic 200G,£1.95,£0.10/10g,,,False,,False,,4,False,https://www.tesco.com/groceries/en-GB/products/279722790,https://digitalcontent.api.tesco.com/v2/media/ghs/2d579fca-c7d6-4c43-baa5-f15c3a3a3957/2f7d7e87-c8ab-4487-bbc6-83677b9dc861_1371058698.jpeg?h=225&w=225,Food Cupboard,Cooking Ingredients
268589451,Schwartz Smoked Paprika 40g,£2.00,£0.50/10g,Any 2 for £3.50 Clubcard Price - Selected Schwartz Seasonings,,True,Offer valid for delivery from 21/02/2025 until 09/07/2025,False,4.9,12,False,https://www.tesco.com/groceries/en-GB/products/268589451,https://digitalcontent.api.tesco.com/v2/media/ghs/7daa5358-36ef-44b3-8e70-064ac2b8fd26/c5db08c1-354e-45e0-a213-b0d5662f708d_650868295.jpeg?h=225&w=225,Food Cupboard,Cooking Ingredients
304380585,Potts Chicken Stock 500Ml,£2.30,£0.46/100ml,,,False,,False,2.7,31,False,https://www.tesco.com/groceries/en-GB/products/304380585,https://digitalcontent.api.tesco.com/v2/media/ghs/e2fce734-8ab4-478a-996a-67814983b6f8/dc699023-dfc1-478c-a1a0-096866084542_157868621.jpeg?h=225&w=225,Food Cupboard,Cooking Ingredients
256146389,Tesco Ground Black Pepper 50G,£1.60,£0.32/10g,,,False,,False,3.3,18,False,https://www.tesco.com/groceries/en-GB/products/256146389,https://digitalcontent.api.tesco.com/v2/media/ghs/22fb224a-1658-4e34-8ea4-59eaa1812ce1/9ae31267-0e37-4d3b-a720-96184d2cd3de_1296891052.jpeg?h=225&w=225,Food Cupboard,Cooking Ingredients
279737484,Oxo Vegetable Stock Cubes 24 Pack 142g,£3.10,£2.18/100g,,,False,,False,4.9,37,False,https://www.tesco.com/groceries/en-GB/products/279737484,https://digitalcontent.api.tesco.com/v2/media/ghs/ba585dd1-d918-447f-844e-40caaef02e23/c15cd7a5-0170-43b7-8e79-861a933403c3_1285012976.jpeg?h=225&w=225,Food Cupboard,Cooking Ingredients
310139299,Oxo Meat-Free Chicken Flavour Stock Cubes 12 Pack 71g,£2.40,£3.38/100g,£2.00 Clubcard Price,(£2.82/100g),True,Offer valid for delivery from 19/02/2025 until 22/04/2025,False,4.6,52,False,https://www.tesco.com/groceries/en-GB/products/310139299,https://digitalcontent.api.tesco.com/v2/media/ghs/ee3f6707-ea95-42a0-ae74-4b601468d7bc/5c985e8b-f169-48f6-a944-994ff1b3cb98_630271952.jpeg?h=225&w=225,Food Cupboard,Cooking Ingredients
262106716,Paxo Golden Breadcrumbs 227,£1.55,£6.83/kg,,,False,,False,4.7,39,False,https://www.tesco.com/groceries/en-GB/products/262106716,https://digitalcontent.api.tesco.com/v2/media/ghs/43d9e731-dc15-4302-b72b-05e935f0de4b/089d05ea-32d9-42ce-83d6-87e533d77d91_65147162.jpeg?h=225&w=225,Food Cupboard,Cooking Ingredients
268531289,Tesco Coriander Seeds 26G,£1.00,£0.38/10g,,,False,,False,4.7,7,False,https://www.tesco.com/groceries/en-GB/products/268531289,https://digitalcontent.api.tesco.com/v2/media/ghs/ad08b862-91e1-4e96-bc35-f3360e8b7328/abe716e1-f893-4e87-abef-603d331ff26e_478109762.jpeg?h=225&w=225,Food Cupboard,Cooking Ingredients
301454289,Nando's Peri Peri Bag & Bake Lemon & Herb 20G,£1.35,£0.68/10g,,,False,,False,4.3,110,False,https://www.tesco.com/groceries/en-GB/products/301454289,https://digitalcontent.api.tesco.com/v2/media/ghs/33cbe2e8-e05f-4f98-8479-d9c8ab0e9376/bc56f4df-c955-4112-94f1-750dffa0b068_156645233.jpeg?h=225&w=225,Food Cupboard,Cooking Ingredients
300456468,Tesco Mint 16G .. ..,£1.00,£0.62/10g,,,False,,False,4.4,22,False,https://www.tesco.com/groceries/en-GB/products/300456468,https://digitalcontent.api.tesco.com/v2/media/ghs/b7b7ed3d-6b3d-4881-8723-36c8ec3c265e/6703fd22-a705-4836-835d-29439fbb7c53_409382875.jpeg?h=225&w=225,Food Cupboard,Cooking Ingredients
310143541,Paxo Low Salt Sage & Onion Stuffing Mix 170G,£2.40,£14.12/kg,£2.00 Clubcard Price,(£11.76/kg),True,Offer valid for delivery from 19/02/2025 until 22/04/2025,False,4.6,46,False,https://www.tesco.com/groceries/en-GB/products/310143541,https://digitalcontent.api.tesco.com/v2/media/ghs/2cb29b0f-ef1a-4f79-b49b-66fe1722afc6/0f51f5b1-23a7-4f8b-aab4-5362ab2293c5_2021859601.jpeg?h=225&w=225,Food Cupboard,Cooking Ingredients
307758970,Tesco Finest British Chicken Gravy Granules - Sage & Red Onion 200g,£1.90,£0.95/100g,,,False,,False,3.8,42,False,https://www.tesco.com/groceries/en-GB/products/307758970,https://digitalcontent.api.tesco.com/v2/media/ghs/b19bc9e2-44a5-4ca1-9d2c-07ad624d3933/f8f6c048-65e3-4078-9b6e-a2c8395fdbf4_1585894810.jpeg?h=225&w=225,Food Cupboard,Cooking Ingredients
262106739,Paxo Natural Breadcrumbs 227G,£1.55,£6.83/kg,,,False,,False,4.6,29,False,https://www.tesco.com/groceries/en-GB/products/262106739,https://digitalcontent.api.tesco.com/v2/media/ghs/b3f0e388-8d96-4ea6-bd50-75a1ef4c7c5b/da36171b-28f7-4228-aa39-03212ce2c533_1474499433.jpeg?h=225&w=225,Food Cupboard,Cooking Ingredients
255770313,Tesco Medium Tikka Curry Powder 80G,£1.25,£0.16/10g,,,False,,False,4.4,15,False,https://www.tesco.com/groceries/en-GB/products/255770313,https://digitalcontent.api.tesco.com/v2/media/ghs/028687c0-5dea-44dd-9f73-616669b9d096/4e69ae54-b0f6-4744-afc2-e793ed2d4e5f_1894258467.jpeg?h=225&w=225,Food Cupboard,Cooking Ingredients
308082966,Knorr Zero Salt Chicken Stock Cubes 8x9g,£1.90,£2.64/100g,,,False,,False,4.4,80,False,https://www.tesco.com/groceries/en-GB/products/308082966,https://digitalcontent.api.tesco.com/v2/media/ghs/7188a8ea-70b2-46c3-9ec2-eb6e1150f00a/68fc0a4e-95db-4de7-953d-4c7cbaffa28d_825732764.jpeg?h=225&w=225,Food Cupboard,Cooking Ingredients
274753098,Sarsons Gravy Browning 150Ml,£1.30,£0.87/100ml,,,False,,False,4.8,9,False,https://www.tesco.com/groceries/en-GB/products/274753098,https://digitalcontent.api.tesco.com/v2/media/ghs/d3e03bf2-8b85-48f8-b786-ff7b1de0e882/f157f66a-2a3d-4c7e-b167-636ab2e7c0d5_1352855485.jpeg?h=225&w=225,Food Cupboard,Cooking Ingredients
256150061,Tesco Mixed Spice 37g,£1.00,£0.27/10g,,,False,,False,4.4,21,False,https://www.tesco.com/groceries/en-GB/products/256150061,https://digitalcontent.api.tesco.com/v2/media/ghs/deb18ae1-e314-445a-945b-53548ab7df36/6311f441-4cf6-4da1-8d57-357fd3b50b90_1196052432.jpeg?h=225&w=225,Food Cupboard,Cooking Ingredients
277972012,Nando's Peri Peri Rub Hot 25G,£1.25,£50.00/kg,,,False,,False,4.7,3,False,https://www.tesco.com/groceries/en-GB/products/277972012,https://digitalcontent.api.tesco.com/v2/media/ghs/23992a68-0cab-4583-bcd9-8e429c27c87e/66209bad-1353-4a84-80ac-9f1fdb9f5bfa_1605149856.jpeg?h=225&w=225,Food Cupboard,Cooking Ingredients
277972225,Nando's Peri Peri Rub Garlic 25G,£1.25,£0.50/10g,,,False,,False,4.5,2,False,https://www.tesco.com/groceries/en-GB/products/277972225,https://digitalcontent.api.tesco.com/v2/media/ghs/b504545f-732c-4a1b-94e8-59ce5b7dc738/c6dd14a4-3949-4b3b-9c8a-687d74ad5cd9_1724438161.jpeg?h=225&w=225,Food Cupboard,Cooking Ingredients
268595587,Tesco Mustard Seeds 60G,£1.00,£0.17/10g,,,False,,False,3.9,9,False,https://www.tesco.com/groceries/en-GB/products/268595587,https://digitalcontent.api.tesco.com/v2/media/ghs/e0ea0066-8d86-4def-b9d3-a16900ecf651/ad420643-3749-4f1b-80e8-e6bb58d25f11_2047813102.jpeg?h=225&w=225,Food Cupboard,Cooking Ingredients
287841498,Tesco Ground Cloves 40G,£1.00,£0.25/10g,,,False,,False,,9,False,https://www.tesco.com/groceries/en-GB/products/287841498,https://digitalcontent.api.tesco.com/v2/media/ghs/ff2c0fe6-c1d4-4c83-863d-5cb10267ebde/85b41378-c228-4573-8fe4-5d47bc7587d6_295375907.jpeg?h=225&w=225,Food Cupboard,Cooking Ingredients
257536519,Tesco Whole Cardamom 30G,£1.00,£0.33/10g,,,False,,False,3.9,14,False,https://www.tesco.com/groceries/en-GB/products/257536519,https://digitalcontent.api.tesco.com/v2/media/ghs/bff9f61b-c9c0-41b4-bed4-b5ed543d1f4a/906cedad-c7a4-4eb2-82c2-c42662b424bc_1345134289.jpeg?h=225&w=225,Food Cupboard,Cooking Ingredients
300456186,Tesco Chipotle Chilli Flakes 37G,£1.00,£0.27/10g,,,False,,False,4.9,17,False,https://www.tesco.com/groceries/en-GB/products/300456186,https://digitalcontent.api.tesco.com/v2/media/ghs/3a228054-4b2f-4a2b-b3f5-e1f0aa983df9/eacc7cc6-6863-4f4f-9a7a-a22415daa58d_1328227815.jpeg?h=225&w=225,Food Cupboard,Cooking Ingredients
288911005,Maggi So Juicy Cajun Recipe Mix 38g,£0.70,£1.84/100g,,,False,,False,4.7,28,False,https://www.tesco.com/groceries/en-GB/products/288911005,https://digitalcontent.api.tesco.com/v2/media/ghs/fceb696b-494f-4c86-8781-ab1e990a26a7/ef22238c-7925-4bb2-8155-f71d7a24ea7c.jpeg?h=225&w=225,Food Cupboard,Cooking Ingredients
301600659,Maggi Mixed Herbs Chicken Recipe Mix 30g,£0.70,£2.33/100g,,,False,,False,,4,False,https://www.tesco.com/groceries/en-GB/products/301600659,https://digitalcontent.api.tesco.com/v2/media/ghs/13326327-45f5-40d9-920d-ce248701eeea/9eada331-24ed-4bd6-9500-f707aa5b074c_2099551326.jpeg?h=225&w=225,Food Cupboard,Cooking Ingredients
291894550,Maggi So Juicy Piri Piri Recipe Mix 27g,£0.70,£0.26/10g,,,False,,False,4.6,7,False,https://www.tesco.com/groceries/en-GB/products/291894550,https://digitalcontent.api.tesco.com/v2/media/ghs/915d0068-540c-4c50-b6bc-079754cb9d01/52ab9d03-f1bb-4e4a-9f37-c2891ca19851_1756287494.jpeg?h=225&w=225,Food Cupboard,Cooking Ingredients
267237363,Farchioni Il Casolare Extra Virgin Olive Oil 1L,£16.10,£1.61/100ml,£13.65 Clubcard Price,(£1.37/100ml),True,Offer valid for delivery from 16/04/2025 until 13/05/2025,False,4.3,52,False,https://www.tesco.com/groceries/en-GB/products/267237363,https://digitalcontent.api.tesco.com/v2/media/ghs/66c48179-a7b1-4a98-8509-031394492964/1cf6c762-9580-4cff-a714-86b418ad57f5_860349441.jpeg?h=225&w=225,Food Cupboard,Cooking Ingredients
255592838,Napolina Extra Virgin Olive Oil 1Ltr,£13.00,£1.30/100ml,,,False,,False,,5,False,https://www.tesco.com/groceries/en-GB/products/255592838,https://digitalcontent.api.tesco.com/v2/media/ghs/4e7f19e9-0835-46b8-8788-44c6a85a2a85/a44b944f-c9e4-4218-a020-f02c7ddb9dca_2007225200.jpeg?h=225&w=225,Food Cupboard,Cooking Ingredients
250616592,Tesco Organic Rapeseed Oil 1L,£4.55,£0.46/100ml,,,False,,False,3.7,18,False,https://www.tesco.com/groceries/en-GB/products/250616592,https://digitalcontent.api.tesco.com/v2/media/ghs/08eef2f5-57ca-441b-a47c-54c66be53d4d/43cc1d5d-fcd5-4a4a-8779-2dff42559c29_2056334930.jpeg?h=225&w=225,Food Cupboard,Cooking Ingredients
259035049,Tesco Mixed Peppercorn Grinder 40G,£2.85,£0.71/10g,,,False,,False,3.8,18,False,https://www.tesco.com/groceries/en-GB/products/259035049,https://digitalcontent.api.tesco.com/v2/media/ghs/44a363f0-a99a-47d7-95a0-91a91008015e/9471132c-8a18-426a-8933-0892bffc0b51_1507844589.jpeg?h=225&w=225,Food Cupboard,Cooking Ingredients
254958261,Filippo Berio Mild & Light Olive Oil 500Ml,£8.95,£1.79/100ml,£5.00 Clubcard Price,(£1.00/100ml),True,Offer valid for delivery from 17/03/2025 until 22/04/2025,False,,4,False,https://www.tesco.com/groceries/en-GB/products/254958261,https://digitalcontent.api.tesco.com/v2/media/ghs/3de47bed-a828-46a6-82d4-10e1a315e5f2/7c1dbb65-1961-4d98-903b-649da1dbd8a3_1523012900.jpeg?h=225&w=225,Food Cupboard,Cooking Ingredients
279768919,Cypressa Tahini 300G,£3.20,£1.07/100g,,,False,,False,,,False,https://www.tesco.com/groceries/en-GB/products/279768919,https://digitalcontent.api.tesco.com/v2/media/ghs/0a3fd842-8e33-4e66-864c-8b9ef2d26c31/9785ae50-4304-48e1-9238-54737c48c336_1744558873.jpeg?h=225&w=225,Food Cupboard,Cooking Ingredients
268589566,Schwartz Black Peppercorns Adjustable Medium grinder 35g,£3.00,£0.86/10g,,,False,,False,,21,False,https://www.tesco.com/groceries/en-GB/products/268589566,https://digitalcontent.api.tesco.com/v2/media/ghs/c549a4ba-3378-4760-bda9-aca3d99c0900/e34841a7-fcbf-4cb0-9208-e4acb753d67e_179060763.jpeg?h=225&w=225,Food Cupboard,Cooking Ingredients
263155235,Schwartz Oregano 7g,£2.00,£2.86/10g,Any 2 for £3.50 Clubcard Price - Selected Schwartz Seasonings,,True,Offer valid for delivery from 21/02/2025 until 09/07/2025,False,4.7,27,False,https://www.tesco.com/groceries/en-GB/products/263155235,https://digitalcontent.api.tesco.com/v2/media/ghs/c809ae30-56f5-4a2b-957c-f9e9269ea4fd/13026692-3813-4247-a204-5c03c66ec3ea_1099874308.jpeg?h=225&w=225,Food Cupboard,Cooking Ingredients
257498667,Schwartz Rosemary 18g,£2.00,£1.11/10g,Any 2 for £3.50 Clubcard Price - Selected Schwartz Seasonings,,True,Offer valid for delivery from 21/02/2025 until 09/07/2025,False,,2,False,https://www.tesco.com/groceries/en-GB/products/257498667,https://digitalcontent.api.tesco.com/v2/media/ghs/be565ecb-93be-469d-83de-e1caa491a02a/c9f804c1-ba64-42aa-af38-ad34fedff62c_800497293.jpeg?h=225&w=225,Food Cupboard,Cooking Ingredients
256834053,Schwartz Medium Curry Powder 90G,£2.25,£0.25/10g,Any 2 for £3.50 Clubcard Price - Selected Schwartz Seasonings,,True,Offer valid for delivery from 21/02/2025 until 09/07/2025,False,4.3,16,False,https://www.tesco.com/groceries/en-GB/products/256834053,https://digitalcontent.api.tesco.com/v2/media/ghs/eb823c2d-6853-4310-b6f1-a35f7b6824f9/43d16443-36e5-411f-b804-a2055b01b580_846662934.jpeg?h=225&w=225,Food Cupboard,Cooking Ingredients
257518328,Schwartz Jamaican Jerk Seasoning 51g,£2.00,£0.39/10g,Any 2 for £3.50 Clubcard Price - Selected Schwartz Seasonings,,True,Offer valid for delivery from 21/02/2025 until 09/07/2025,False,3.7,3,False,https://www.tesco.com/groceries/en-GB/products/257518328,https://digitalcontent.api.tesco.com/v2/media/ghs/8eeaa8e0-2282-48fb-9668-34a6dd4e86b3/2188d2d3-127c-4179-b2cf-782f5b61bb6a_791815760.jpeg?h=225&w=225,Food Cupboard,Cooking Ingredients
301923997,Belazu Beldi Black Olive Tapenade 170G,£3.40,£2.00/100g,,,False,,False,4.2,21,False,https://www.tesco.com/groceries/en-GB/products/301923997,https://digitalcontent.api.tesco.com/v2/media/ghs/a5057492-1ce0-4f31-b92b-ad212fb5e9be/dd03fedc-4b93-4cf9-ae06-c74ae2eb80fe_496780961.jpeg?h=225&w=225,Food Cupboard,Cooking Ingredients
257498990,Schwartz Thyme 11g,£2.00,£1.82/10g,Any 2 for £3.50 Clubcard Price - Selected Schwartz Seasonings,,True,Offer valid for delivery from 21/02/2025 until 09/07/2025,False,4.5,2,False,https://www.tesco.com/groceries/en-GB/products/257498990,https://digitalcontent.api.tesco.com/v2/media/ghs/27123c99-8481-49bb-9a75-914f1fff2efa/650cf05e-13e6-4104-b688-00f410bbfe6c_605837569.jpeg?h=225&w=225,Food Cupboard,Cooking Ingredients
309476827,Bisto Curry Sauce Mix 185G,£3.00,£1.62/100g,,,False,,False,4.1,49,False,https://www.tesco.com/groceries/en-GB/products/309476827,https://digitalcontent.api.tesco.com/v2/media/ghs/d275739e-bf45-483b-aaab-1c5f7ab0ecea/c598e50d-3af4-44b5-b033-488107ec46ff_1590022947.jpeg?h=225&w=225,Food Cupboard,Cooking Ingredients
255680293,Schwartz Piri Piri Seasoning 39g,£2.00,£0.51/10g,Any 2 for £3.50 Clubcard Price - Selected Schwartz Seasonings,,True,Offer valid for delivery from 21/02/2025 until 09/07/2025,False,4.9,34,False,https://www.tesco.com/groceries/en-GB/products/255680293,https://digitalcontent.api.tesco.com/v2/media/ghs/4ef701db-148f-4e6e-bee0-1eaa33673d53/f98d9485-e02f-4446-bffd-2d7eb8d64c5f_862297162.jpeg?h=225&w=225,Food Cupboard,Cooking Ingredients
281733365,Schwartz Paprika & Onion Classic Chip Seasoning 50g,£2.00,£0.36/10g,Any 2 for £3.50 Clubcard Price - Selected Schwartz Seasonings,,True,Offer valid for delivery from 21/02/2025 until 09/07/2025,False,4.8,20,False,https://www.tesco.com/groceries/en-GB/products/281733365,https://digitalcontent.api.tesco.com/v2/media/ghs/27772c07-9535-4acf-8d7b-9dc847e239b5/5956e4cf-6b0a-4980-a5ef-93188f6270fa_1919017122.jpeg?h=225&w=225,Food Cupboard,Cooking Ingredients
255652004,Schwartz garlic Italian Seasoning 43g,£2.00,£0.46/10g,Any 2 for £3.50 Clubcard Price - Selected Schwartz Seasonings,,True,Offer valid for delivery from 21/02/2025 until 09/07/2025,False,4.4,7,False,https://www.tesco.com/groceries/en-GB/products/255652004,https://digitalcontent.api.tesco.com/v2/media/ghs/1757b0d7-48e4-417a-bd98-487c6772ca53/991ba50d-120c-4d0f-b57a-1f8f0b627243_240069146.jpeg?h=225&w=225,Food Cupboard,Cooking Ingredients
254918919,Schwartz Ground Ginger 26G Jar,£2.00,£0.77/10g,Any 2 for £3.50 Clubcard Price - Selected Schwartz Seasonings,,True,Offer valid for delivery from 21/02/2025 until 09/07/2025,False,,1,False,https://www.tesco.com/groceries/en-GB/products/254918919,https://digitalcontent.api.tesco.com/v2/media/ghs/800ccbd6-819c-4c9b-b24a-f41b77a1416e/5c7641b2-4e28-4212-9152-faf0b675dc44_1485944499.jpeg?h=225&w=225,Food Cupboard,Cooking Ingredients
301392414,Schwartz Ground Cumin 37G,£2.00,£0.54/10g,Any 2 for £3.50 Clubcard Price - Selected Schwartz Seasonings,,True,Offer valid for delivery from 21/02/2025 until 09/07/2025,False,4.9,11,False,https://www.tesco.com/groceries/en-GB/products/301392414,https://digitalcontent.api.tesco.com/v2/media/ghs/323b447b-7198-4eeb-9f27-77bb293f472b/d8711a89-0c75-4c73-8f02-2e74aef5843f_570363776.jpeg?h=225&w=225,Food Cupboard,Cooking Ingredients
308463717,Nando's Peri-Peri Quick Marinade - Medium 262g,£2.60,£0.99/100g,,,False,,False,4.6,35,False,https://www.tesco.com/groceries/en-GB/products/308463717,https://digitalcontent.api.tesco.com/v2/media/ghs/03972e27-78aa-40cf-9ec0-61510cc9a12e/ea12a405-12e4-4496-9a50-0031f6c9186b_1903577781.jpeg?h=225&w=225,Food Cupboard,Cooking Ingredients
257507670,Schwartz Crushed Chillies 29g,£2.00,£0.69/10g,Any 2 for £3.50 Clubcard Price - Selected Schwartz Seasonings,,True,Offer valid for delivery from 21/02/2025 until 09/07/2025,False,,21,False,https://www.tesco.com/groceries/en-GB/products/257507670,https://digitalcontent.api.tesco.com/v2/media/ghs/3c020bcf-c96c-4747-86b2-09a15a4b3957/52899891-8b62-4140-b23a-73bff04d6607_73225702.jpeg?h=225&w=225,Food Cupboard,Cooking Ingredients
254918902,Schwartz Garlic Salt 73G Jar,£2.00,£0.27/10g,Any 2 for £3.50 Clubcard Price - Selected Schwartz Seasonings,,True,Offer valid for delivery from 21/02/2025 until 09/07/2025,False,2.4,8,False,https://www.tesco.com/groceries/en-GB/products/254918902,https://digitalcontent.api.tesco.com/v2/media/ghs/b0ba17e9-453d-4e54-989b-c32dab4c97ac/8f38afd2-f67f-4497-bd06-f2870e6fac74_1889503517.jpeg?h=225&w=225,Food Cupboard,Cooking Ingredients
253089478,Saxa So Low Reduced Sodium Salt 350G,£2.00,£5.71/kg,,,False,,False,4.5,12,False,https://www.tesco.com/groceries/en-GB/products/253089478,https://digitalcontent.api.tesco.com/v2/media/ghs/7bed1485-4a5c-465b-af54-3bcf9b600210/ee5a4b90-d308-4eb5-9872-a67f9e066fca_874360381.jpeg?h=225&w=225,Food Cupboard,Cooking Ingredients
258732101,Flora Pure Sunflower Oil 1L,£3.25,£0.32/100ml,,,False,,False,,,False,https://www.tesco.com/groceries/en-GB/products/258732101,https://digitalcontent.api.tesco.com/v2/media/ghs/19e2d3bc-25c6-4d7f-8ed0-534ea1050bf8/d0011d3b-a055-43f1-862d-e7f6cc483a06_91326440.jpeg?h=225&w=225,Food Cupboard,Cooking Ingredients
309163852,Sun Hee Kimchi - Spicy Fermented Cabbage 190g,£2.20,£1.16/100g,,,False,,False,2.5,36,False,https://www.tesco.com/groceries/en-GB/products/309163852,https://digitalcontent.api.tesco.com/v2/media/ghs/a3b1d71a-d314-44d7-bf3c-44ec2d7f4af8/2653d842-2a3b-4671-adb0-2891fb320450_1663075636.jpeg?h=225&w=225,Food Cupboard,Cooking Ingredients
255169980,Knorr Fish Stock Cubes 8x10g,£2.00,£2.50/100g,,,False,,False,4.4,41,False,https://www.tesco.com/groceries/en-GB/products/255169980,https://digitalcontent.api.tesco.com/v2/media/ghs/00322f94-27ac-4470-8a41-50adf21dedfd/55cd9e2d-88e6-4023-8586-5376e0433cb2_1424746354.jpeg?h=225&w=225,Food Cupboard,Cooking Ingredients
300456445,Tesco Marjoram 13G ..,£1.00,£0.77/10g,,,False,,False,4.4,7,False,https://www.tesco.com/groceries/en-GB/products/300456445,https://digitalcontent.api.tesco.com/v2/media/ghs/a0fad292-3b2b-4fcb-84c2-21c997fcd394/443f70fc-0d99-49af-b6e8-fbeba1e68d4d_1933969507.jpeg?h=225&w=225,Food Cupboard,Cooking Ingredients
255769270,Tesco Hot Curry Powder 80G,£1.25,£0.16/10g,,,False,,False,4.6,39,False,https://www.tesco.com/groceries/en-GB/products/255769270,https://digitalcontent.api.tesco.com/v2/media/ghs/6dc0731d-6115-445f-80f8-7fdb4389edd2/ea857ac7-e2c7-4222-a59c-012036a17aeb_84935994.jpeg?h=225&w=225,Food Cupboard,Cooking Ingredients
266258944,Maggi Hot Liquid Seasoning 100ml,£1.40,£1.40/100ml,,,False,,False,4.6,26,False,https://www.tesco.com/groceries/en-GB/products/266258944,https://digitalcontent.api.tesco.com/v2/media/ghs/421da801-9d70-403e-bcae-4273b311e877/1280a338-50de-4260-b802-89557fcfca16_1225621228.jpeg?h=225&w=225,Food Cupboard,Cooking Ingredients
279869915,Rajah Jeera Ground Cumin 100G,£1.50,£0.15/10g,,,False,,False,,,False,https://www.tesco.com/groceries/en-GB/products/279869915,https://digitalcontent.api.tesco.com/v2/media/ghs/48e7dde0-a849-40eb-bf8a-9b94e8c2cbc7/d07eee21-badb-4648-90e8-31641a199c52_2146108235.jpeg?h=225&w=225,Food Cupboard,Cooking Ingredients
300456409,Tesco Herbs De Provence 17G,£1.00,£0.59/10g,,,False,,False,4.5,22,False,https://www.tesco.com/groceries/en-GB/products/300456409,https://digitalcontent.api.tesco.com/v2/media/ghs/3d2532bc-9e35-4ded-b7c4-2220fd6467c0/0a183404-d0ad-48c1-bcb1-8cd22552541f_801392840.jpeg?h=225&w=225,Food Cupboard,Cooking Ingredients
301341297,Flava-It Bbq Marinade 35G,£1.10,£0.31/10g,,,False,,False,4.7,11,False,https://www.tesco.com/groceries/en-GB/products/301341297,https://digitalcontent.api.tesco.com/v2/media/ghs/2fd7f2e7-e9b8-45dc-9e09-7ee4ad9f7592/c381fb42-8306-49bf-aca7-cfb19eb6846a_2044571284.jpeg?h=225&w=225,Food Cupboard,Cooking Ingredients
301601749,Flava-It Chinese Marinade 35G,£1.10,£0.31/10g,,,False,,False,4.7,22,False,https://www.tesco.com/groceries/en-GB/products/301601749,https://digitalcontent.api.tesco.com/v2/media/ghs/2fb49d88-6672-4af1-9fc7-ee53a52988bc/b38fa5c2-2d27-4374-a9fc-b3dc953fb2ce_1967946642.jpeg?h=225&w=225,Food Cupboard,Cooking Ingredients
304411694,Tesco Kashmiri Chilli Flakes 27G,£1.00,£0.37/10g,,,False,,False,,3,False,https://www.tesco.com/groceries/en-GB/products/304411694,https://digitalcontent.api.tesco.com/v2/media/ghs/e1bede2e-c7c2-4584-bd0e-5673d3255358/44d1b302-2360-49a2-9c62-c1098c8d9179_793647714.jpeg?h=225&w=225,Food Cupboard,Cooking Ingredients
255770181,Tesco Mild Tandoori Curry Powder 80G,£1.25,£0.16/10g,,,False,,False,3.1,14,False,https://www.tesco.com/groceries/en-GB/products/255770181,https://digitalcontent.api.tesco.com/v2/media/ghs/33decd62-2c40-4e3e-af71-cb2e51427d8f/bb7080df-0166-4f53-a50f-e1f0f3c34a6c_744346073.jpeg?h=225&w=225,Food Cupboard,Cooking Ingredients
308826829,Yo! Salt & Pepper Chicken Seasoning 35G,£1.00,£0.29/10g,80p Clubcard Price,(£0.23/10g),True,Offer valid for delivery from 16/04/2025 until 13/05/2025,False,4.1,7,False,https://www.tesco.com/groceries/en-GB/products/308826829,https://digitalcontent.api.tesco.com/v2/media/ghs/2ff74cb4-68f0-4a05-bcc2-a3f60b8b4086/fd658cd5-4ec2-4652-b093-0e80a0702a4d_427951538.jpeg?h=225&w=225,Food Cupboard,Cooking Ingredients
259685788,East End Cumin Whole Jeera 100G,£1.30,£0.13/10g,,,False,,False,4.7,3,False,https://www.tesco.com/groceries/en-GB/products/259685788,https://digitalcontent.api.tesco.com/v2/media/ghs/e0fd7869-b1b0-445f-af1d-a6fd8ef55e8e/ea37992a-7596-4422-a17a-84c6843f9d77_1596541536.jpeg?h=225&w=225,Food Cupboard,Cooking Ingredients
293091402,Schwartz Spanish Meatballs In Tomato Sauce Recipe Mix 30g,£0.95,£3.17/100g,Any 4 for £2.45 Clubcard Price - Selected Schwartz Recipe Mix,,True,Offer valid for delivery from 19/02/2025 until 09/07/2025,False,4.5,19,False,https://www.tesco.com/groceries/en-GB/products/293091402,https://digitalcontent.api.tesco.com/v2/media/ghs/16c6beee-5c94-4778-8d0f-95b2d50c4611/83397a44-236f-4ce9-8a45-1f9ff97d943f_73770525.jpeg?h=225&w=225,Food Cupboard,Cooking Ingredients
293091264,Schwartz Smoked Paprika Chicken Recipe Mix 28g,£0.95,£3.39/100g,Any 4 for £2.45 Clubcard Price - Selected Schwartz Recipe Mix,,True,Offer valid for delivery from 19/02/2025 until 09/07/2025,False,4.7,14,False,https://www.tesco.com/groceries/en-GB/products/293091264,https://digitalcontent.api.tesco.com/v2/media/ghs/f9d78f40-9d23-45b4-b3f7-5523bd94ee6f/2d4549e6-a8e0-4934-a8d2-8828b069dfe6_1707340568.jpeg?h=225&w=225,Food Cupboard,Cooking Ingredients
304371285,Schwartz Wrap It Smokehouse BBQ Recipe Mix 30g,£1.10,£3.67/100g,Any 4 for £2.45 Clubcard Price - Selected Schwartz Recipe Mix,,True,Offer valid for delivery from 19/02/2025 until 09/07/2025,False,,8,False,https://www.tesco.com/groceries/en-GB/products/304371285,https://digitalcontent.api.tesco.com/v2/media/ghs/4d566e39-f5f9-4617-830a-4e3f542c1059/8feda3a6-dbf9-4842-b874-e407188a3646_765385572.jpeg?h=225&w=225,Food Cupboard,Cooking Ingredients
274899743,Knorr Beef Gravy Pot 4 x 28g,£2.25,£2.01/100g,,,False,,False,4.6,63,False,https://www.tesco.com/groceries/en-GB/products/274899743,https://digitalcontent.api.tesco.com/v2/media/ghs/b4109ee3-4962-4209-adeb-c5ca05b8c4e3/25016466-4032-4e03-8802-6c7dd1689dfd_1378318288.jpeg?h=225&w=225,Food Cupboard,Cooking Ingredients
255760642,Tesco Light In Colour Olive Oil 500Ml,£5.20,£1.04/100ml,,,False,,False,4.3,12,False,https://www.tesco.com/groceries/en-GB/products/255760642,https://digitalcontent.api.tesco.com/v2/media/ghs/76ff3b2b-ad45-4180-a021-bc5b23cdfb59/eaeb9e9b-4d9d-4e07-b3c2-2abe3f6ebff1_807204467.jpeg?h=225&w=225,Food Cupboard,Cooking Ingredients
293235199,Pure South Press Pure Avocado Oil 250Ml,£4.55,£1.82/100ml,,,False,,False,4.7,3,False,https://www.tesco.com/groceries/en-GB/products/293235199,https://digitalcontent.api.tesco.com/v2/media/ghs/3d971382-e530-4879-b8e0-98dba3273344/6be42a5d-7f2b-4314-b335-132c950c1027_1607204982.jpeg?h=225&w=225,Food Cupboard,Cooking Ingredients
258669752,Alfa One Rice Bran Oil 500Ml,£3.00,£0.60/100ml,,,False,,False,,6,False,https://www.tesco.com/groceries/en-GB/products/258669752,https://digitalcontent.api.tesco.com/v2/media/ghs/9c4d33f0-9908-4a2a-aa81-05029449a2dd/65109bd5-21aa-4503-a3d5-c6881a9dfa9f_1815741204.jpeg?h=225&w=225,Food Cupboard,Cooking Ingredients
311687742,Al'fez Harissa Paste 180G,£3.00,£1.67/100g,,,False,,False,4.6,56,False,https://www.tesco.com/groceries/en-GB/products/311687742,https://digitalcontent.api.tesco.com/v2/media/ghs/fd205d64-168e-464f-9ec2-3f8bc8778031/28ff656b-12dd-46fd-9614-6a018befd124_2106333602.jpeg?h=225&w=225,Food Cupboard,Cooking Ingredients
255209778,Filippo Berio Pure Olive Oil 500 Ml,£8.95,£1.79/100ml,£5.00 Clubcard Price,(£1.00/100ml),True,Offer valid for delivery from 17/03/2025 until 22/04/2025,False,4.7,3,False,https://www.tesco.com/groceries/en-GB/products/255209778,https://digitalcontent.api.tesco.com/v2/media/ghs/d39b7939-7425-4456-a9b5-f2f6910dfec2/25463107-dbd7-4096-a9c2-349a2e80af37_313815323.jpeg?h=225&w=225,Food Cupboard,Cooking Ingredients
297021238,Maldon Sea Salt Flakes Grinder 55G,£3.55,£64.54/kg,,,False,,False,2.4,8,False,https://www.tesco.com/groceries/en-GB/products/297021238,https://digitalcontent.api.tesco.com/v2/media/ghs/1d2cf738-e091-48cc-9fc2-171c4ce852b4/78a127bf-b5b6-48df-935b-bfe4c4cd8152_1697008968.jpeg?h=225&w=225,Food Cupboard,Cooking Ingredients
264934026,East End Garam Masala Mixd Powder 300,£4.00,£0.13/10g,,,False,,False,,2,False,https://www.tesco.com/groceries/en-GB/products/264934026,https://digitalcontent.api.tesco.com/v2/media/ghs/6e70c0d1-4c52-4ef7-b92c-88b4074fad49/befdc540-f841-44de-bfdc-b249e661e63f_1042486460.jpeg?h=225&w=225,Food Cupboard,Cooking Ingredients
257485170,Schwartz Basil 10g,£2.00,£2.00/10g,Any 2 for £3.50 Clubcard Price - Selected Schwartz Seasonings,,True,Offer valid for delivery from 21/02/2025 until 09/07/2025,False,4.9,11,False,https://www.tesco.com/groceries/en-GB/products/257485170,https://digitalcontent.api.tesco.com/v2/media/ghs/c77f84ea-ad71-419d-ad84-af17e959afd7/0a63884b-13ab-43c5-a5dc-3be15bacbf7d_249063351.jpeg?h=225&w=225,Food Cupboard,Cooking Ingredients
262122535,Schwartz Chinese 5 Spice Seasoning 58G,£2.00,£0.34/10g,Any 2 for £3.50 Clubcard Price - Selected Schwartz Seasonings,,True,Offer valid for delivery from 21/02/2025 until 09/07/2025,False,4.4,32,False,https://www.tesco.com/groceries/en-GB/products/262122535,https://digitalcontent.api.tesco.com/v2/media/ghs/e86c5c04-5322-499f-a8c0-8e1e7b30fbcd/b8fbbc02-c2d5-45c1-8c41-bdec05d2bb96_889268161.jpeg?h=225&w=225,Food Cupboard,Cooking Ingredients
254609335,Schwartz Rosemary & garlic Lamb Seasoning 38g,£2.00,£0.53/10g,Any 2 for £3.50 Clubcard Price - Selected Schwartz Seasonings,,True,Offer valid for delivery from 21/02/2025 until 09/07/2025,False,,,False,https://www.tesco.com/groceries/en-GB/products/254609335,https://digitalcontent.api.tesco.com/v2/media/ghs/9546fd93-0e52-486c-a073-6f7a6723c5da/91b75931-22ef-42e4-963f-a9006818b499_1849282073.jpeg?h=225&w=225,Food Cupboard,Cooking Ingredients
275739984,Schwartz Fish Pie Wet Sauce For Fish 300G,£2.40,£0.80/100g,,,False,,False,4.5,24,False,https://www.tesco.com/groceries/en-GB/products/275739984,https://digitalcontent.api.tesco.com/v2/media/ghs/59a001f5-b0a8-4547-95e2-97b7bff8d492/d8274395-354c-424e-b0f7-fbe9a6422b49_1807171182.jpeg?h=225&w=225,Food Cupboard,Cooking Ingredients
254777561,Schwartz Classic BBQ Seasoning 44g,£2.00,£0.46/10g,Any 2 for £3.50 Clubcard Price - Selected Schwartz Seasonings,,True,Offer valid for delivery from 21/02/2025 until 09/07/2025,False,4.9,56,False,https://www.tesco.com/groceries/en-GB/products/254777561,https://digitalcontent.api.tesco.com/v2/media/ghs/b4637813-9c45-405a-90d6-77086b131f1e/282ff0e7-2bc1-442b-8b19-f19bfa8ca6ba_1454573300.jpeg?h=225&w=225,Food Cupboard,Cooking Ingredients
301392472,Schwartz ground Turmeric 37g,£2.00,£0.54/10g,Any 2 for £3.50 Clubcard Price - Selected Schwartz Seasonings,,True,Offer valid for delivery from 21/02/2025 until 09/07/2025,False,,17,False,https://www.tesco.com/groceries/en-GB/products/301392472,https://digitalcontent.api.tesco.com/v2/media/ghs/e4417c27-ba0f-43bc-a006-ff8cee680a29/9d72bab2-4de5-4948-8017-272d4696be01_1932045416.jpeg?h=225&w=225,Food Cupboard,Cooking Ingredients
254918983,Schwartz Ground Nutmeg 32G Jar,£2.00,£0.62/10g,Any 2 for £3.50 Clubcard Price - Selected Schwartz Seasonings,,True,Offer valid for delivery from 21/02/2025 until 09/07/2025,False,,,False,https://www.tesco.com/groceries/en-GB/products/254918983,https://digitalcontent.api.tesco.com/v2/media/ghs/2c5fd8f3-8559-4040-bffd-ba54732d0d62/91f18cb5-899e-437d-9d0d-16e5a7e5d887_443365364.jpeg?h=225&w=225,Food Cupboard,Cooking Ingredients
254918729,Schwartz Chives 1g,£2.00,£20.00/10g,Any 2 for £3.50 Clubcard Price - Selected Schwartz Seasonings,,True,Offer valid for delivery from 21/02/2025 until 09/07/2025,False,3.6,5,False,https://www.tesco.com/groceries/en-GB/products/254918729,https://digitalcontent.api.tesco.com/v2/media/ghs/252d35c5-0c91-45a0-9603-e779147a185c/e17f6667-aa60-40c2-8764-92099f9aac7b_1783343124.jpeg?h=225&w=225,Food Cupboard,Cooking Ingredients
314823220,Old Bay Lemon & Herb Seasoning 75G,£3.00,£0.40/10g,,,False,,False,4.8,24,False,https://www.tesco.com/groceries/en-GB/products/314823220,https://digitalcontent.api.tesco.com/v2/media/ghs/9e0d4634-0f22-4fae-93c4-4166a675718d/2c13adf7-90dd-44bc-8695-a8e523adb66b_2116644446.jpeg?h=225&w=225,Food Cupboard,Cooking Ingredients
304378698,Potts Beef Stock 500Ml,£2.30,£0.46/100ml,,,False,,False,3.2,15,False,https://www.tesco.com/groceries/en-GB/products/304378698,https://digitalcontent.api.tesco.com/v2/media/ghs/6dde1e5d-e540-4520-b98a-5ad89134941d/0038ca49-94b1-4d4a-bef0-17f7eeae92f0_767999656.jpeg?h=225&w=225,Food Cupboard,Cooking Ingredients
314952798,Old Bay Hot Seasoning 75G,£3.00,£4.00/100g,,,False,,False,4.8,24,False,https://www.tesco.com/groceries/en-GB/products/314952798,https://digitalcontent.api.tesco.com/v2/media/ghs/1143cc07-0ab2-4ffa-b49f-7780c68743db/40c1f7a5-fb6a-47c1-9f20-74ffcf68e9c0_1814021717.jpeg?h=225&w=225,Food Cupboard,Cooking Ingredients
255865023,Schwartz Garlic Pepper 45G Jar,£2.00,£0.44/10g,Any 2 for £3.50 Clubcard Price - Selected Schwartz Seasonings,,True,Offer valid for delivery from 21/02/2025 until 09/07/2025,False,4.6,8,False,https://www.tesco.com/groceries/en-GB/products/255865023,https://digitalcontent.api.tesco.com/v2/media/ghs/9f65ce5d-d791-40f3-84b7-b67171890498/557c5140-6156-413e-a241-8fa198440775_1692001063.jpeg?h=225&w=225,Food Cupboard,Cooking Ingredients
301600521,Knorr Organic Chicken Stock Pot 4x26g,£2.25,£2.16/100g,,,False,,False,4.5,75,False,https://www.tesco.com/groceries/en-GB/products/301600521,https://digitalcontent.api.tesco.com/v2/media/ghs/07cb806d-d32a-4c25-b87d-946086256b12/ffc853a7-a46d-4ca0-8ac6-47b5592237bd_16709633.jpeg?h=225&w=225,Food Cupboard,Cooking Ingredients
305051236,Marigold Organic Vegetable Vegan Bouillon Powder 140G,£2.50,£1.79/100g,,,False,,False,3.7,7,False,https://www.tesco.com/groceries/en-GB/products/305051236,https://digitalcontent.api.tesco.com/v2/media/ghs/f0954b96-c3db-41b5-ad64-3743995524c4/ef980345-1029-4b15-8b20-b472b2ea4f2e_1000645486.jpeg?h=225&w=225,Food Cupboard,Cooking Ingredients
253296768,Tesco Organic Sunflower Oil 1L,£3.30,£0.33/100ml,,,False,,False,4.8,11,False,https://www.tesco.com/groceries/en-GB/products/253296768,https://digitalcontent.api.tesco.com/v2/media/ghs/c18cff49-2f6e-464d-b3f9-b9b203b18eb1/2f4502ac-364f-4bef-8d00-ed72cfba618c_1034001534.jpeg?h=225&w=225,Food Cupboard,Cooking Ingredients
304389316,Tesco Caraway Seeds 40G,£1.00,£0.25/10g,,,False,,False,4.8,13,False,https://www.tesco.com/groceries/en-GB/products/304389316,https://digitalcontent.api.tesco.com/v2/media/ghs/421e73e2-0740-4eb2-8675-6e8f3a44029b/24266226-7231-4e57-ad51-8fc3d12a0563_2056849946.jpeg?h=225&w=225,Food Cupboard,Cooking Ingredients
289080899,Tesco Nigella Seeds 45G,£1.00,£0.22/10g,,,False,,False,,8,False,https://www.tesco.com/groceries/en-GB/products/289080899,https://digitalcontent.api.tesco.com/v2/media/ghs/5d482935-17c1-4e95-9237-f2132fb5ed6d/d26d91ec-09b5-4268-b56a-0806403049a8_114332431.jpeg?h=225&w=225,Food Cupboard,Cooking Ingredients
289081529,Tesco Hot Paprika 45G,£1.00,£0.22/10g,,,False,,False,,8,False,https://www.tesco.com/groceries/en-GB/products/289081529,https://digitalcontent.api.tesco.com/v2/media/ghs/eff8aaba-8a04-4bb2-88aa-691d70556f5a/2b55bf05-c1ae-4b25-a7c3-d8210b6297b8_1065994118.jpeg?h=225&w=225,Food Cupboard,Cooking Ingredients
300456105,Tesco Makrut Lime Leaves 1G ..,£1.00,£10.00/10g,,,False,,False,3.6,7,False,https://www.tesco.com/groceries/en-GB/products/300456105,https://digitalcontent.api.tesco.com/v2/media/ghs/de45ab60-00e8-48f4-812c-ffaf2dd07605/7ea4399a-9356-4230-8a60-53f920d3443a_1637837965.jpeg?h=225&w=225,Food Cupboard,Cooking Ingredients
315149043,French's Smoky Southern Fries & Wedges Seasoning 20G,£1.20,£6.00/100g,80p Save 1/3 Clubcard Price,(£4.00/100g),True,Offer valid for delivery from 16/04/2025 until 13/05/2025,False,4.7,19,False,https://www.tesco.com/groceries/en-GB/products/315149043,https://digitalcontent.api.tesco.com/v2/media/ghs/5d7b990f-8868-4ca0-85cb-8cc8b204a46a/93c1d44c-15dc-4c78-a130-d8a1752301a9_1531529002.jpeg?h=225&w=225,Food Cupboard,Cooking Ingredients
315154537,French's Honey & Chipotle Fries & Wedges Seasoning 20G,£1.20,£6.00/100g,80p Save 1/3 Clubcard Price,(£4.00/100g),True,Offer valid for delivery from 16/04/2025 until 13/05/2025,False,4.8,20,False,https://www.tesco.com/groceries/en-GB/products/315154537,https://digitalcontent.api.tesco.com/v2/media/ghs/9192e2f6-bc32-43dc-aa67-7c5f1686e6e1/abc23520-e25a-4271-ae70-4723b295d19a_980713696.jpeg?h=225&w=225,Food Cupboard,Cooking Ingredients
314581689,Frank's RedHot Buffalo New York Style Cook-In-Bag 25G,£1.35,£5.40/100g,,,False,,False,4.9,20,False,https://www.tesco.com/groceries/en-GB/products/314581689,https://digitalcontent.api.tesco.com/v2/media/ghs/ad76d3e0-3450-49e2-a1ea-5147332fd126/b3483856-3e7c-4dcf-8da5-6616ca47ff3d_1752011728.jpeg?h=225&w=225,Food Cupboard,Cooking Ingredients
314927944,Frank's RedHot Sweet & Spicy Georgia Style Cook-In-Bag 25G,£1.35,£5.40/100g,,,False,,False,4.8,23,False,https://www.tesco.com/groceries/en-GB/products/314927944,https://digitalcontent.api.tesco.com/v2/media/ghs/700ca4ac-8dbf-4901-901d-b361a4844b9e/ebd5b9aa-0e18-464a-87ee-26923f46a186_110139935.jpeg?h=225&w=225,Food Cupboard,Cooking Ingredients
287549390,Nando's Coat & Cook Medium 120G,£1.00,£0.83/100g,,,False,,False,,7,False,https://www.tesco.com/groceries/en-GB/products/287549390,https://digitalcontent.api.tesco.com/v2/media/ghs/91e68b12-9a7b-4948-bbdd-dfa983b9f065/52da9744-ba91-4d88-b03f-db299e770838_496866931.jpeg?h=225&w=225,Food Cupboard,Cooking Ingredients
255671684,Schwartz Creamy Parsley Sauce 26G,£0.95,£3.65/100g,Any 4 for £2.45 Clubcard Price - Selected Schwartz Recipe Mix,,True,Offer valid for delivery from 19/02/2025 until 09/07/2025,False,,16,False,https://www.tesco.com/groceries/en-GB/products/255671684,https://digitalcontent.api.tesco.com/v2/media/ghs/5cedfcf4-b307-4590-81e7-dcd256dd2c3e/40639eec-9ed3-4cab-b3ef-2faecf31570f_100176927.jpeg?h=225&w=225,Food Cupboard,Cooking Ingredients
311672039,Colman's Big Night In Salt & Pepper Chicken recipe Mix 23G,£0.90,£3.91/100g,65p Clubcard Price,(£2.83/100g),True,Offer valid for delivery from 16/04/2025 until 10/06/2025,False,4.4,39,False,https://www.tesco.com/groceries/en-GB/products/311672039,https://digitalcontent.api.tesco.com/v2/media/ghs/4a24a683-0ed1-4214-9e4a-e66bb8887c3c/083c9400-c504-4ebc-9ab1-0a805b2862a8_1917660906.jpeg?h=225&w=225,Food Cupboard,Cooking Ingredients
308091759,Schwartz Wrap It Takeaway Kebab Recipe Mix 30g,£1.10,£3.67/100g,Any 4 for £2.45 Clubcard Price - Selected Schwartz Recipe Mix,,True,Offer valid for delivery from 19/02/2025 until 09/07/2025,False,,1,False,https://www.tesco.com/groceries/en-GB/products/308091759,https://digitalcontent.api.tesco.com/v2/media/ghs/8eb760f6-c93e-49ef-b498-11bdab3e86f2/d686886a-4c62-449b-9ae0-3c214e9fb394_1467538946.jpeg?h=225&w=225,Food Cupboard,Cooking Ingredients
285353762,Tesco Whole Nutmeg 33G,£1.00,£0.30/10g,,,False,,False,4.7,10,False,https://www.tesco.com/groceries/en-GB/products/285353762,https://digitalcontent.api.tesco.com/v2/media/ghs/19f7e65b-0ae3-4d61-9601-6b64212ef822/77908aa5-607d-470e-be7c-e4f203c0ddcd_276501002.jpeg?h=225&w=225,Food Cupboard,Cooking Ingredients
253706158,Comptons Gravy Salt 128G,£0.60,£0.47/100g,,,False,,False,,,False,https://www.tesco.com/groceries/en-GB/products/253706158,https://digitalcontent.api.tesco.com/v2/media/ghs/f06c92ff-465e-4085-b8e2-6b314758d68a/41da9e25-798f-4f89-b115-eb86dd43ab13_1142703079.jpeg?h=225&w=225,Food Cupboard,Cooking Ingredients
272515499,Tesco Olive Pomace Oil Blend 5 Litres,£18.50,£0.37/100ml,,,False,,False,4.1,9,False,https://www.tesco.com/groceries/en-GB/products/272515499,https://digitalcontent.api.tesco.com/v2/media/ghs/f4892396-d137-4102-a163-bb54eb2e5709/2c7c20ba-e08c-4037-8c24-1277987d656c_1970371535.jpeg?h=225&w=225,Food Cupboard,Cooking Ingredients
264475246,Tesco Finest Balsamic Vinegar Of Modena 250Ml,£7.55,£3.02/100ml,,,False,,False,3.8,9,False,https://www.tesco.com/groceries/en-GB/products/264475246,https://digitalcontent.api.tesco.com/v2/media/ghs/d1bbd650-b545-4eed-83c1-54e5fa36fae3/41bad03c-a37b-47c4-ba58-22912fabe52f_2031590532.jpeg?h=225&w=225,Food Cupboard,Cooking Ingredients
262186234,Filippo Berio Organic Extra Virgin Olive Oil 500Ml,£10.50,£2.10/100ml,£6.00 Clubcard Price,(£1.20/100ml),True,Offer valid for delivery from 16/04/2025 until 10/06/2025,False,,,False,https://www.tesco.com/groceries/en-GB/products/262186234,https://digitalcontent.api.tesco.com/v2/media/ghs/a3cb3cf8-84fe-4de9-897f-bfdd2e8feff7/5128f558-47e3-46df-88f4-75425cd2dc53_1636274909.jpeg?h=225&w=225,Food Cupboard,Cooking Ingredients
255622524,Napolina Olive Oil 1Lt,£13.00,£1.30/100ml,,,False,,False,,3,False,https://www.tesco.com/groceries/en-GB/products/255622524,https://digitalcontent.api.tesco.com/v2/media/ghs/1ec73557-d068-4f48-a757-617267eda99f/6255a2b5-297d-4930-9b56-9683defc6a3e_1653158858.jpeg?h=225&w=225,Food Cupboard,Cooking Ingredients
282051732,De Nigris Balsamic Vinegar Of Modena 250Ml,£7.70,£3.08/100ml,,,False,,False,,40,False,https://www.tesco.com/groceries/en-GB/products/282051732,https://digitalcontent.api.tesco.com/v2/media/ghs/1977430c-2428-4e62-b99c-594fc3d126eb/dfb8b2d3-c29e-4b12-b979-c86cc3a4cbc2_75555085.jpeg?h=225&w=225,Food Cupboard,Cooking Ingredients
308111569,Belazu Crete Gold Extra Virgin Olive Oil 500Ml,£10.00,£2.00/100ml,,,False,,False,4.6,9,False,https://www.tesco.com/groceries/en-GB/products/308111569,https://digitalcontent.api.tesco.com/v2/media/ghs/9b3b2bda-4b4f-4347-9d59-d667d53c2c11/ed059883-0fd8-4127-9fc3-46ac70a4e318_1235220038.jpeg?h=225&w=225,Food Cupboard,Cooking Ingredients
279962614,Santa Maria Roasted Garlic & Pepper Grinder 80G,£3.90,£0.49/10g,£2.90 Save 25% Clubcard Price,(£0.36/10g),True,Offer valid for delivery from 16/04/2025 until 13/05/2025,False,4.5,17,False,https://www.tesco.com/groceries/en-GB/products/279962614,https://digitalcontent.api.tesco.com/v2/media/ghs/f5088692-1d3d-41e6-bccf-1eb40376c835/3632f72e-c5b9-4173-8635-b11ae7b73610_678560515.jpeg?h=225&w=225,Food Cupboard,Cooking Ingredients
297569500,Rajah Jeera Ground Cumin 400G,£4.50,£0.11/10g,,,False,,False,,1,False,https://www.tesco.com/groceries/en-GB/products/297569500,https://digitalcontent.api.tesco.com/v2/media/ghs/5230034e-6340-463e-9a5e-4e8cdcfc0931/04bd5c50-cbb4-453a-aef5-329df28138e4_2120152197.jpeg?h=225&w=225,Food Cupboard,Cooking Ingredients
264931755,East End Extra Hot Chilli Powder 300g,£4.00,£0.13/10g,,,False,,False,,5,False,https://www.tesco.com/groceries/en-GB/products/264931755,https://digitalcontent.api.tesco.com/v2/media/ghs/c6a369a4-73ae-4fc0-8015-8c34ef41eae7/976496a8-72d2-4f1f-920e-f2cc2b65311f_1902035996.jpeg?h=225&w=225,Food Cupboard,Cooking Ingredients
264932201,East End Cumin Powder (Jeera) 300G,£4.00,£0.13/10g,,,False,,False,,1,False,https://www.tesco.com/groceries/en-GB/products/264932201,https://digitalcontent.api.tesco.com/v2/media/ghs/68114de0-6b2a-45c7-9f77-739f5659d5a8/e5bd7c79-bd4a-4824-8ef3-40b3e79d8874_348232320.jpeg?h=225&w=225,Food Cupboard,Cooking Ingredients
289037552,Rajah Haldi Ground Turmeric 400G,£2.75,£0.07/10g,,,False,,False,,1,False,https://www.tesco.com/groceries/en-GB/products/289037552,https://digitalcontent.api.tesco.com/v2/media/ghs/f4559ad2-e338-4fd1-84d5-c833fed0256d/5c4b5ef8-51cd-4a3f-82d2-772b921e1a08_1424425838.jpeg?h=225&w=225,Food Cupboard,Cooking Ingredients
289053385,Rajah Dhaniya Ground Coriander 400G,£2.75,£0.07/10g,,,False,,False,,2,False,https://www.tesco.com/groceries/en-GB/products/289053385,https://digitalcontent.api.tesco.com/v2/media/ghs/c55a6145-02a6-4fe0-843f-2d718ddb0418/d483765f-0864-4dac-8e58-812bf547a7c3_1890429872.jpeg?h=225&w=225,Food Cupboard,Cooking Ingredients
286999128,Groovy Virgin Coconut Spray 190Ml,£2.30,£1.21/100ml,,,False,,False,1.6,5,False,https://www.tesco.com/groceries/en-GB/products/286999128,https://digitalcontent.api.tesco.com/v2/media/ghs/e959b938-de79-4feb-a514-c8933bcda596/cc0934cc-3751-4c34-8f02-3c17d5c6632c_1062833985.jpeg?h=225&w=225,Food Cupboard,Cooking Ingredients
268589416,Schwartz Moroccan Seasoning 40g,£2.00,£0.50/10g,Any 2 for £3.50 Clubcard Price - Selected Schwartz Seasonings,,True,Offer valid for delivery from 21/02/2025 until 09/07/2025,False,,12,False,https://www.tesco.com/groceries/en-GB/products/268589416,https://digitalcontent.api.tesco.com/v2/media/ghs/a3cc8253-cd59-4b67-ae8e-ba2c9e1a85f2/05bb51ec-40a7-418a-bcd1-35724305606d_1838298221.jpeg?h=225&w=225,Food Cupboard,Cooking Ingredients
289037480,Rajah Chilli Powder 400G,£2.75,£0.07/10g,,,False,,False,4.2,5,False,https://www.tesco.com/groceries/en-GB/products/289037480,https://digitalcontent.api.tesco.com/v2/media/ghs/b1ba49e6-9790-4e8d-b1fd-460e60364fb1/161a0b52-6608-443e-9117-e028ee0fcf28_1339416362.jpeg?h=225&w=225,Food Cupboard,Cooking Ingredients
268525239,Natco Coarse Black Pepper 300g,£4.80,£0.16/10g,,,False,,False,,1,False,https://www.tesco.com/groceries/en-GB/products/268525239,https://digitalcontent.api.tesco.com/v2/media/ghs/ec25c1a4-9eae-4b1d-8b36-5077293bf3f6/c0db70d2-7a72-44f1-aaa3-3359cf16eb50_524025181.jpeg?h=225&w=225,Food Cupboard,Cooking Ingredients
254609410,Schwartz Sage & Onion Pork Seasoning 34g,£2.00,£0.59/10g,Any 2 for £3.50 Clubcard Price - Selected Schwartz Seasonings,,True,Offer valid for delivery from 21/02/2025 until 09/07/2025,False,4.7,3,False,https://www.tesco.com/groceries/en-GB/products/254609410,https://digitalcontent.api.tesco.com/v2/media/ghs/9c6e2991-7e46-42de-8d6c-1061764968be/f323fa84-a71e-4f68-a041-0bea98b7d387_855164874.jpeg?h=225&w=225,Food Cupboard,Cooking Ingredients
256755549,Schwartz Fish Lemon & Parsley Sauce 300G,£2.40,£0.80/100g,,,False,,False,3.5,12,False,https://www.tesco.com/groceries/en-GB/products/256755549,https://digitalcontent.api.tesco.com/v2/media/ghs/0d076f27-e100-4a69-950a-5d56753725d2/bc8f9fc5-80be-48fc-869a-56c806b5603b_2103544219.jpeg?h=225&w=225,Food Cupboard,Cooking Ingredients
257517773,Schwartz Pepper & garlic Chargrilled Chicken Seasoning 51g,£2.00,£0.39/10g,Any 2 for £3.50 Clubcard Price - Selected Schwartz Seasonings,,True,Offer valid for delivery from 21/02/2025 until 09/07/2025,False,,,False,https://www.tesco.com/groceries/en-GB/products/257517773,https://digitalcontent.api.tesco.com/v2/media/ghs/1856ef9d-ba26-4022-98c7-ad537a9279ca/8569f296-7285-4afe-9668-944565136765_1758539420.jpeg?h=225&w=225,Food Cupboard,Cooking Ingredients
273104500,Carotino Mild & Light Cooking Oil 500Ml,£3.10,£0.62/100ml,,,False,,False,4.9,18,False,https://www.tesco.com/groceries/en-GB/products/273104500,https://digitalcontent.api.tesco.com/v2/media/ghs/0063e0b2-d72f-4868-b49f-5739092704d3/24a152aa-46b0-4675-a948-4989894fccd4_905912323.jpeg?h=225&w=225,Food Cupboard,Cooking Ingredients
254919158,Schwartz Cayenne Chilli Pepper 26G Jar,£2.00,£0.77/10g,Any 2 for £3.50 Clubcard Price - Selected Schwartz Seasonings,,True,Offer valid for delivery from 21/02/2025 until 09/07/2025,False,,1,False,https://www.tesco.com/groceries/en-GB/products/254919158,https://digitalcontent.api.tesco.com/v2/media/ghs/75a2989b-ff1a-46aa-a1c7-47aa919b197b/33d8de31-0cac-47fa-9d55-be90a9ba4441_1133015825.jpeg?h=225&w=225,Food Cupboard,Cooking Ingredients
257510515,Schwartz Ground Coriander 24G Jar,£2.00,£0.83/10g,Any 2 for £3.50 Clubcard Price - Selected Schwartz Seasonings,,True,Offer valid for delivery from 21/02/2025 until 09/07/2025,False,,4,False,https://www.tesco.com/groceries/en-GB/products/257510515,https://digitalcontent.api.tesco.com/v2/media/ghs/8e1ebe3d-b5ef-4f11-9c55-540fb41e4c7a/92347658-e856-4609-8872-65d27f2c3e45_827803607.jpeg?h=225&w=225,Food Cupboard,Cooking Ingredients
257504644,Schwartz Hot Chilli Powder 38g,£2.00,£0.53/10g,Any 2 for £3.50 Clubcard Price - Selected Schwartz Seasonings,,True,Offer valid for delivery from 21/02/2025 until 09/07/2025,False,,2,False,https://www.tesco.com/groceries/en-GB/products/257504644,https://digitalcontent.api.tesco.com/v2/media/ghs/cc65e90f-cdd7-4888-a94f-595b2b5e95bc/e11bd34f-386c-440d-965b-0aef0965d695_12126725.jpeg?h=225&w=225,Food Cupboard,Cooking Ingredients
254919567,Schwartz Garam Masala 30G Jar,£2.00,£0.67/10g,Any 2 for £3.50 Clubcard Price - Selected Schwartz Seasonings,,True,Offer valid for delivery from 21/02/2025 until 09/07/2025,False,,,False,https://www.tesco.com/groceries/en-GB/products/254919567,https://digitalcontent.api.tesco.com/v2/media/ghs/1898ee45-2fc4-4275-90ef-9cefde99b674/6ecd717f-3d6f-490d-9b6d-025acc4cc1d2_243063733.jpeg?h=225&w=225,Food Cupboard,Cooking Ingredients
308828114,Nandos Piri Peri Marinade Lemon & Herb 260G,£2.60,£1.00/100g,,,False,,False,4.8,31,False,https://www.tesco.com/groceries/en-GB/products/308828114,https://digitalcontent.api.tesco.com/v2/media/ghs/1b7c7153-4f95-42c6-9fd0-42711cf3b281/f0a6cca0-94e4-46fe-84b1-40eab6516858_41685187.jpeg?h=225&w=225,Food Cupboard,Cooking Ingredients
279533028,Cornish Sea Salt Really Garlicky Sea Salt 55G,£2.00,£36.36/kg,,,False,,False,,3,False,https://www.tesco.com/groceries/en-GB/products/279533028,https://digitalcontent.api.tesco.com/v2/media/ghs/c929f3f4-4c7f-4990-a52e-5a0c2a7f6f24/dcaa5a95-2486-4217-b616-22b5b74c1d0b_998489866.jpeg?h=225&w=225,Food Cupboard,Cooking Ingredients
301600607,Knorr Organic Vegetable Stock Pot 4x26g,£2.25,£2.16/100g,,,False,,False,4.6,80,False,https://www.tesco.com/groceries/en-GB/products/301600607,https://digitalcontent.api.tesco.com/v2/media/ghs/7dabf5dd-849c-406d-92da-195ae3b27d06/0d5e504e-6d04-46b4-a20f-373004046b1d_1469778438.jpeg?h=225&w=225,Food Cupboard,Cooking Ingredients
257505263,Schwartz Mild Chilli Powder 38g,£2.00,£0.53/10g,Any 2 for £3.50 Clubcard Price - Selected Schwartz Seasonings,,True,Offer valid for delivery from 21/02/2025 until 09/07/2025,False,,2,False,https://www.tesco.com/groceries/en-GB/products/257505263,https://digitalcontent.api.tesco.com/v2/media/ghs/b2a016cc-001d-4233-bcae-f593df340385/cc83343c-947c-43ea-894c-89f4b8588cb8_499720608.jpeg?h=225&w=225,Food Cupboard,Cooking Ingredients
309203839,Sun Hee Gochujang 170G,£2.20,£1.29/100g,,,False,,False,,6,False,https://www.tesco.com/groceries/en-GB/products/309203839,https://digitalcontent.api.tesco.com/v2/media/ghs/436a35ce-ffb9-4250-9cde-c9c4f5aa6ef4/cf1f3c1f-1df2-4c2f-8d50-49fa32ee9568_1530385368.jpeg?h=225&w=225,Food Cupboard,Cooking Ingredients
309497140,Paxo Southern Fried Breadcrumbs 210G,£2.00,£9.52/kg,,,False,,False,4.3,69,False,https://www.tesco.com/groceries/en-GB/products/309497140,https://digitalcontent.api.tesco.com/v2/media/ghs/9e3f225b-272b-4d39-acb2-47369f5bc27a/45eff8e8-fba6-4de6-b4eb-edf4bb12623d_1575122388.jpeg?h=225&w=225,Food Cupboard,Cooking Ingredients
255770060,Tesco Mild Curry Powder 80G,£1.25,£0.16/10g,,,False,,False,4.4,18,False,https://www.tesco.com/groceries/en-GB/products/255770060,https://digitalcontent.api.tesco.com/v2/media/ghs/46db140b-1da9-444c-a1f6-26bebf894fc9/98d68a9a-ca50-4341-9fd6-b424b776d7d8_995729719.jpeg?h=225&w=225,Food Cupboard,Cooking Ingredients
309473018,Bisto Southern Style Gravy Granules 190G,£2.80,£1.47/100g,£2.00 Clubcard Price,(£1.05/100g),True,Offer valid for delivery from 19/02/2025 until 22/04/2025,False,4.4,39,False,https://www.tesco.com/groceries/en-GB/products/309473018,https://digitalcontent.api.tesco.com/v2/media/ghs/b2193c1c-5ec3-4c76-b960-408f7db29b7d/104ec6c8-fec7-43f2-b0ac-7536f85465f7_892595301.jpeg?h=225&w=225,Food Cupboard,Cooking Ingredients
307145179,Nando's Peri-Peri Bag & Bake - Garlic 20g,£1.35,£6.75/100g,,,False,,False,3.7,3,False,https://www.tesco.com/groceries/en-GB/products/307145179,https://digitalcontent.api.tesco.com/v2/media/ghs/0ca969fc-610c-4875-b711-278e6753219c/ccc3eaa0-d080-4123-84e9-0b770602899c_2142256289.jpeg?h=225&w=225,Food Cupboard,Cooking Ingredients
308844935,Nando's Peri-Peri Bag & Bake - Smokey BBQ 20g,£1.35,£6.75/100g,,,False,,False,4.6,33,False,https://www.tesco.com/groceries/en-GB/products/308844935,https://digitalcontent.api.tesco.com/v2/media/ghs/e9c500cd-ddb0-4348-99ab-815ba625f031/c134d3fc-adb0-49e9-b000-130e1845a232_1182332597.jpeg?h=225&w=225,Food Cupboard,Cooking Ingredients
301454428,Nando's Peri-Peri Bag & Bake - Hot 20g,£1.35,£6.75/100g,,,False,,False,4.6,97,False,https://www.tesco.com/groceries/en-GB/products/301454428,https://digitalcontent.api.tesco.com/v2/media/ghs/a2db2e23-069e-4b4c-983a-ea04ae6c4339/88fe8ed9-4f5c-435c-b9de-d26aa6a9e21c_2034674528.jpeg?h=225&w=225,Food Cupboard,Cooking Ingredients
301341769,"Flava-It Garlic, Herb & Butter Marinade 35G",£1.10,£0.31/10g,,,False,,False,4.1,10,False,https://www.tesco.com/groceries/en-GB/products/301341769,https://digitalcontent.api.tesco.com/v2/media/ghs/535fe743-9f75-48cc-9405-e45ae8a3f165/fccf8691-5eb7-48e7-b9b2-95bf1488f800_1263740922.jpeg?h=225&w=225,Food Cupboard,Cooking Ingredients
304392869,Tesco Fenugreek Leaves 15G,,,,,False,,False,,7,False,https://www.tesco.com/groceries/en-GB/products/304392869,https://digitalcontent.api.tesco.com/v2/media/ghs/be2cf870-f199-4a3b-a457-9087338950b8/40da5cb9-e6a2-43f5-ac19-c92514942ec4_1063430220.jpeg?h=225&w=225,Food Cupboard,Cooking Ingredients
300456128,Tesco Lemongrass 4G ..,£1.00,£2.50/10g,,,False,,False,2.6,8,False,https://www.tesco.com/groceries/en-GB/products/300456128,https://digitalcontent.api.tesco.com/v2/media/ghs/8aca0050-09b7-4206-89cc-896b5a94b4b5/f0975bb0-b420-4bb7-b3bc-0bec88e4d339_1228733970.jpeg?h=225&w=225,Food Cupboard,Cooking Ingredients
259656466,KTC Olive-Pomace Oil Blend 5 Litres,£21.00,£0.42/100ml,,,False,,False,2.5,2,False,https://www.tesco.com/groceries/en-GB/products/259656466,https://digitalcontent.api.tesco.com/v2/media/ghs/7cf8ee99-191c-4c7c-997d-2e09cc63a0c5/3d16c589-376e-4dc3-9485-898e175afc28_241567647.jpeg?h=225&w=225,Food Cupboard,Cooking Ingredients
279683126,Tesco Finest Tellicherry Pepper Corn Grinder 45G,£4.90,£1.09/10g,,,False,,False,3.2,8,False,https://www.tesco.com/groceries/en-GB/products/279683126,https://digitalcontent.api.tesco.com/v2/media/ghs/95885576-a317-4bac-81d9-4726aba3f105/138085e8-d6f7-4942-99d5-2a59d709c2fd_487526423.jpeg?h=225&w=225,Food Cupboard,Cooking Ingredients
267241075,Napolina Light And Mild 1 Litre,£13.00,£1.30/100ml,,,False,,False,4.5,2,False,https://www.tesco.com/groceries/en-GB/products/267241075,https://digitalcontent.api.tesco.com/v2/media/ghs/a30ac58b-d27d-4af1-857f-f904d927d1be/fbc54c20-54a8-4a99-a2bc-2177721f2edb_148058085.jpeg?h=225&w=225,Food Cupboard,Cooking Ingredients
280035041,Santa Maria Chilli Explosion Grinder 70G,£3.90,£0.56/10g,£2.90 Save 25% Clubcard Price,(£0.41/10g),True,Offer valid for delivery from 16/04/2025 until 13/05/2025,False,2.2,4,False,https://www.tesco.com/groceries/en-GB/products/280035041,https://digitalcontent.api.tesco.com/v2/media/ghs/4f14dc9a-539a-49d9-9bff-584ebcd13cad/33966e27-41f1-4e88-bd61-31ad73cb71e8_342843859.jpeg?h=225&w=225,Food Cupboard,Cooking Ingredients
311784984,Belazu Reserva Sherry Vinegar 250ml,£6.00,£2.40/100ml,,,False,,False,,20,False,https://www.tesco.com/groceries/en-GB/products/311784984,https://digitalcontent.api.tesco.com/v2/media/ghs/ceb54d2c-ed14-453a-aeb1-5d7307b7f59c/6a91f75e-c89c-4c44-bfd1-0d18c40c3b3b_2033209211.jpeg?h=225&w=225,Food Cupboard,Cooking Ingredients
312700518,Mazzetti Chef's Reduction Classic Balsamic Glaze 215Ml,£3.60,£1.67/100ml,£2.60 Clubcard Price,(£1.21/100ml),True,Offer valid for delivery from 16/04/2025 until 13/05/2025,False,,18,False,https://www.tesco.com/groceries/en-GB/products/312700518,https://digitalcontent.api.tesco.com/v2/media/ghs/cfc4fb3f-26bb-4a4d-bb44-2084cc1a3575/0e9c603f-9ad5-40bc-a4b4-3a42fcb0b3ac_12741532.jpeg?h=225&w=225,Food Cupboard,Cooking Ingredients
301413322,Gran Luchito Chipotle Chilli Paste 100G,£4.00,£4.00/100g,,,False,,False,3.7,6,False,https://www.tesco.com/groceries/en-GB/products/301413322,https://digitalcontent.api.tesco.com/v2/media/ghs/493bf124-3996-4b07-824b-438a00ea7e4e/b398d45a-c24b-48a7-98b6-e45693ae1376_1207486117.jpeg?h=225&w=225,Food Cupboard,Cooking Ingredients
287231615,Tesco Grape Seed Oil 500ml,£4.10,£0.82/100ml,,,False,,False,4.3,7,False,https://www.tesco.com/groceries/en-GB/products/287231615,https://digitalcontent.api.tesco.com/v2/media/ghs/0fc55413-eacc-45f3-8681-e7ef79414c44/78fd1b86-e85b-4c0e-a857-a84cba927a25_811219058.jpeg?h=225&w=225,Food Cupboard,Cooking Ingredients
297489986,East End Cumin Whole 300G,£3.85,£0.13/10g,,,False,,False,,,False,https://www.tesco.com/groceries/en-GB/products/297489986,https://digitalcontent.api.tesco.com/v2/media/ghs/f3dae382-449a-4e32-a965-491bd0ad82d7/9b9aff0a-e790-46d7-99d7-38d150e15dfb_119630715.jpeg?h=225&w=225,Food Cupboard,Cooking Ingredients
259180129,Tesco Stir Fry Oil 250Ml,£2.20,£0.88/100ml,,,False,,False,4.7,15,False,https://www.tesco.com/groceries/en-GB/products/259180129,https://digitalcontent.api.tesco.com/v2/media/ghs/cf6c409c-e92b-4e0f-9b90-cc65e5f7f01a/584867df-b098-4543-948b-5610455e0c2e_341419429.jpeg?h=225&w=225,Food Cupboard,Cooking Ingredients
285725121,Olivio Oil 1 Litre,£4.50,£0.45/100ml,,,False,,False,2.9,7,False,https://www.tesco.com/groceries/en-GB/products/285725121,https://digitalcontent.api.tesco.com/v2/media/ghs/0c0395eb-2e65-4e19-817b-50a14c0972fc/5f35047d-fdb6-41a8-9b59-25466765cf11_1137287834.jpeg?h=225&w=225,Food Cupboard,Cooking Ingredients
256338306,Schwartz Hot Curry Powder 85G,£2.25,£0.26/10g,Any 2 for £3.50 Clubcard Price - Selected Schwartz Seasonings,,True,Offer valid for delivery from 21/02/2025 until 09/07/2025,False,4.9,7,False,https://www.tesco.com/groceries/en-GB/products/256338306,https://digitalcontent.api.tesco.com/v2/media/ghs/ff4d236a-bc07-4b2e-9c6a-783dbedc9016/6b4dd4f5-2841-4589-802a-fb2c6c14aa6a_1019575247.jpeg?h=225&w=225,Food Cupboard,Cooking Ingredients
257522449,Schwartz Lemon & Dill Fish Seasoning 55g,£2.00,£0.36/10g,Any 2 for £3.50 Clubcard Price - Selected Schwartz Seasonings,,True,Offer valid for delivery from 21/02/2025 until 09/07/2025,False,,6,False,https://www.tesco.com/groceries/en-GB/products/257522449,https://digitalcontent.api.tesco.com/v2/media/ghs/7e425773-4cbe-419d-90dd-2d863efb7ce0/65d35bde-6377-4db2-ba22-7120fb550242_1318665487.jpeg?h=225&w=225,Food Cupboard,Cooking Ingredients
278393177,Tesco Chilli Paste 90G,£1.80,£0.20/10g,,,False,,False,4.9,8,False,https://www.tesco.com/groceries/en-GB/products/278393177,https://digitalcontent.api.tesco.com/v2/media/ghs/01bb9675-5ee2-4d56-8f8c-840a0b937d2f/5ce4db3a-f7b9-418f-b595-249cbd567f09_1868025097.jpeg?h=225&w=225,Food Cupboard,Cooking Ingredients
258111963,Schwartz For Fish Classic Hollandaise 300,£2.40,£0.80/100g,,,False,,False,2.2,22,False,https://www.tesco.com/groceries/en-GB/products/258111963,https://digitalcontent.api.tesco.com/v2/media/ghs/b6c31386-dac8-4c3d-af54-18d5f02095ee/843739f0-f05c-4a6e-9c5d-65d52d2501c1_1636949963.jpeg?h=225&w=225,Food Cupboard,Cooking Ingredients
308839717,Nandos Peri Peri Quick Marinade Hot 260G,£2.60,£1.00/100g,,,False,,False,4.6,34,False,https://www.tesco.com/groceries/en-GB/products/308839717,https://digitalcontent.api.tesco.com/v2/media/ghs/42d7577a-f026-424b-89ad-4a5d439d7389/8ff98468-b95a-4395-ac3f-55c438ba663b_1528597165.jpeg?h=225&w=225,Food Cupboard,Cooking Ingredients
268486653,Aspall White Wine Vinegar 350Ml,£1.90,£0.54/100ml,,,False,,False,,,False,https://www.tesco.com/groceries/en-GB/products/268486653,https://digitalcontent.api.tesco.com/v2/media/ghs/9ab8abf9-2101-4b12-9763-4c3066c2f2bb/bc826365-c8f7-49e8-a38b-d020bbbf4abc_1089894163.jpeg?h=225&w=225,Food Cupboard,Cooking Ingredients
303888021,Lee Kum Kee Sesame Wok Oil 207ml,£2.40,£1.16/100ml,,,False,,False,3.8,12,False,https://www.tesco.com/groceries/en-GB/products/303888021,https://digitalcontent.api.tesco.com/v2/media/ghs/eab5b045-cde2-4ecb-9b59-d41f53142a14/a30ab71d-ffce-457f-8896-a574889acd0c_10348732.jpeg?h=225&w=225,Food Cupboard,Cooking Ingredients
309474927,Sarsons Pickling Malt Vinegar 950Ml,£2.00,£0.21/100ml,,,False,,False,,7,False,https://www.tesco.com/groceries/en-GB/products/309474927,https://digitalcontent.api.tesco.com/v2/media/ghs/3b22265b-a7f8-4cd1-bd3f-f9b2cbac1ed6/ab7f0509-2b2e-4189-aa23-71ff70b8ac83_601262150.jpeg?h=225&w=225,Food Cupboard,Cooking Ingredients
257219325,Mc Donnells Curry Sauce 250G,£3.50,£1.40/100g,,,False,,False,3.8,8,False,https://www.tesco.com/groceries/en-GB/products/257219325,https://digitalcontent.api.tesco.com/v2/media/ghs/f06502f1-16d6-4cdd-8492-1a0a0fd2d8c3/898b4a37-088e-40da-927f-48ecdf3409c0_1054962202.jpeg?h=225&w=225,Food Cupboard,Cooking Ingredients
257512922,Schwartz Saffron Strands 0.4g,£4.50,£112.50/10g,,,False,,False,,1,False,https://www.tesco.com/groceries/en-GB/products/257512922,https://digitalcontent.api.tesco.com/v2/media/ghs/819c15ae-7419-43c8-8713-dceb740564be/31c31f66-b2c5-403d-b75b-1c90fabc6a42_195805737.jpeg?h=225&w=225,Food Cupboard,Cooking Ingredients
305944384,Maggi Seasoning Bouillon Tablets 60x10g 600g,£3.00,£0.50/100g,,,False,,False,,4,False,https://www.tesco.com/groceries/en-GB/products/305944384,https://digitalcontent.api.tesco.com/v2/media/ghs/56fb3af8-ccf5-45af-a507-789815c70fdb/0478d4c7-6bc8-425c-ad01-62b945b3de34_1403085883.jpeg?h=225&w=225,Food Cupboard,Cooking Ingredients
296152194,Tesco Finest Sicilian Extra Virgin Olive Oil 500Ml,£8.95,£1.79/100ml,,,False,,False,4.6,30,False,https://www.tesco.com/groceries/en-GB/products/296152194,https://digitalcontent.api.tesco.com/v2/media/ghs/ba191f19-ffad-41c1-a61c-58c35843de31/479d6c94-eeea-4f5d-8c13-eff5b1099e74_109067837.jpeg?h=225&w=225,Food Cupboard,Cooking Ingredients
304412779,Tesco Chervil 9G,£1.00,£1.11/10g,,,False,,False,,2,False,https://www.tesco.com/groceries/en-GB/products/304412779,https://digitalcontent.api.tesco.com/v2/media/ghs/d02e8eb6-b351-40ca-a51f-a07b76b6ec65/ebcb2d7a-8782-400b-99f6-891c36764d42_1917950607.jpeg?h=225&w=225,Food Cupboard,Cooking Ingredients
259028409,Tesco Walnut Oil 250Ml,£2.00,£0.80/100ml,,,False,,False,4.7,7,False,https://www.tesco.com/groceries/en-GB/products/259028409,https://digitalcontent.api.tesco.com/v2/media/ghs/7e103adf-42eb-4ca6-9bc1-2f17c9333a01/25894977-0eeb-4512-816c-1e9f818c56d9_1267683560.jpeg?h=225&w=225,Food Cupboard,Cooking Ingredients
284195800,Nando's Coat & Cook Hot 120G,£1.00,£0.83/100g,,,False,,False,,3,False,https://www.tesco.com/groceries/en-GB/products/284195800,https://digitalcontent.api.tesco.com/v2/media/ghs/e68533d3-2628-405e-98c2-28a4821a749b/48bb9b69-ca6e-405f-8959-96c0833f0abf_991776852.jpeg?h=225&w=225,Food Cupboard,Cooking Ingredients
300456226,Tesco Sumac 52G .. ..,£1.00,£0.19/10g,,,False,,False,4.2,6,False,https://www.tesco.com/groceries/en-GB/products/300456226,https://digitalcontent.api.tesco.com/v2/media/ghs/abca6af8-a430-4733-9cc0-bbb3be4d3579/43afbb6d-b005-49f9-b482-e70e808f71b4_2000990773.jpeg?h=225&w=225,Food Cupboard,Cooking Ingredients
305522866,Schwartz Loaded Fries Southern Fried Seasoning Mix 20g,£0.95,£4.75/100g,Any 4 for £2.45 Clubcard Price - Selected Schwartz Recipe Mix,,True,Offer valid for delivery from 19/02/2025 until 09/07/2025,False,,2,False,https://www.tesco.com/groceries/en-GB/products/305522866,https://digitalcontent.api.tesco.com/v2/media/ghs/7ca9d8c8-7a34-46a8-ba89-ef5905e6652c/527b748f-d1d1-47f1-95c6-981445442555_380030813.jpeg?h=225&w=225,Food Cupboard,Cooking Ingredients
304394465,Tesco Asafoetida 58G,£1.00,£0.17/10g,,,False,,False,,,False,https://www.tesco.com/groceries/en-GB/products/304394465,https://digitalcontent.api.tesco.com/v2/media/ghs/1bbd2495-eb6b-47ea-bb5d-542e4a62357a/18d9bf15-a435-42bb-b87a-3f31697eb859_1788082905.jpeg?h=225&w=225,Food Cupboard,Cooking Ingredients
312856506,Mazzetti Gold Label Aged Balsamic Vinegar of Modena 250ml,£9.95,£3.98/100ml,,,False,,False,4.8,20,False,https://www.tesco.com/groceries/en-GB/products/312856506,https://digitalcontent.api.tesco.com/v2/media/ghs/dda9613b-176d-442d-bf37-9a930f6dc82d/26af7f62-ecf6-4da7-b7c1-b32dd71a07d8_146786006.jpeg?h=225&w=225,Food Cupboard,Cooking Ingredients
312834437,Mazzetti Organic Balsamic Vinegar Of Modena 250Ml,£6.50,£2.60/100ml,,,False,,False,4.8,19,False,https://www.tesco.com/groceries/en-GB/products/312834437,https://digitalcontent.api.tesco.com/v2/media/ghs/a0e499ce-142a-4bb9-ba49-b91a58a92fb9/ddd58974-1a60-497d-9bd8-594bcd64de70_1091169391.jpeg?h=225&w=225,Food Cupboard,Cooking Ingredients
292974500,La Espanola Olive Oil Flavoured with White Truffle 250ml,£5.90,£2.36/100ml,,,False,,False,,1,False,https://www.tesco.com/groceries/en-GB/products/292974500,https://digitalcontent.api.tesco.com/v2/media/ghs/a639a39e-560f-4d89-b838-9426503a1dff/420c7599-3bea-48ec-b364-792171969699_981235901.jpeg?h=225&w=225,Food Cupboard,Cooking Ingredients
293624729,Kentish Oils Cold Pressed Rapeseed Oil Original 500ml,£4.20,£0.84/100ml,,,False,,False,,1,False,https://www.tesco.com/groceries/en-GB/products/293624729,https://digitalcontent.api.tesco.com/v2/media/ghs/caa33b83-82fb-4f92-af51-9db29baaff21/d440c784-9efa-4012-88d0-0c219f212c1c_1834724135.jpeg?h=225&w=225,Food Cupboard,Cooking Ingredients
272720031,East End Saffron 1G,£3.25,£32.50/10g,,,False,,False,,3,False,https://www.tesco.com/groceries/en-GB/products/272720031,https://digitalcontent.api.tesco.com/v2/media/ghs/44c2875e-0144-4e38-a763-2e94a3be8470/e2c6814a-f71d-43f5-be24-c84c04383adf_1662836683.jpeg?h=225&w=225,Food Cupboard,Cooking Ingredients
257504523,Schwartz Celery Salt 72g,£2.00,£0.28/10g,Any 2 for £3.50 Clubcard Price - Selected Schwartz Seasonings,,True,Offer valid for delivery from 21/02/2025 until 09/07/2025,False,,,False,https://www.tesco.com/groceries/en-GB/products/257504523,https://digitalcontent.api.tesco.com/v2/media/ghs/15a56905-5792-45c3-8038-3c652e70d186/5b7241eb-6d93-4908-ae1e-fc8b0436663d_288363047.jpeg?h=225&w=225,Food Cupboard,Cooking Ingredients
317310465,Schwartz Air Fry Veggilicious Seasoning 125g,£2.30,£0.18/10g,,,False,,False,4.8,11,False,https://www.tesco.com/groceries/en-GB/products/317310465,https://digitalcontent.api.tesco.com/v2/media/ghs/51cc3d48-2042-4bfb-bc6b-8c683024c3e6/adeb75af-dd86-4794-8805-6da40f2e12dc_1795572342.jpeg?h=225&w=225,Food Cupboard,Cooking Ingredients
317421178,Schwartz Air Fry Bangin Chicken Seasoning 140g,£2.30,£0.16/10g,,,False,,False,4.8,13,False,https://www.tesco.com/groceries/en-GB/products/317421178,https://digitalcontent.api.tesco.com/v2/media/ghs/9eceb9c9-8c7d-4fc0-97ee-edb16a3b2a6a/ae5c427c-beba-4042-832d-059a12d150bb_303212070.jpeg?h=225&w=225,Food Cupboard,Cooking Ingredients
257499234,Schwartz Ground Allspice 37G Jar,£2.00,£0.54/10g,Any 2 for £3.50 Clubcard Price - Selected Schwartz Seasonings,,True,Offer valid for delivery from 21/02/2025 until 09/07/2025,False,,,False,https://www.tesco.com/groceries/en-GB/products/257499234,https://digitalcontent.api.tesco.com/v2/media/ghs/eb06f467-3dfe-49ae-9076-222698c7e393/95d6dc7c-8b2d-4493-afd6-fd19f7b6e53a_2095966858.jpeg?h=225&w=225,Food Cupboard,Cooking Ingredients
316938818,Schwartz Air Fry Cheesy Chips Seasoning 140g,£2.30,£0.16/10g,,,False,,False,3.8,16,False,https://www.tesco.com/groceries/en-GB/products/316938818,https://digitalcontent.api.tesco.com/v2/media/ghs/84bed37e-144f-4d65-9b6f-d3f19ce5418c/4c70c70f-dec0-46da-92db-cbaf1b15fc4b_1238448477.jpeg?h=225&w=225,Food Cupboard,Cooking Ingredients
257512300,Schwartz Whole Nutmeg 25G Jar,£2.00,£0.80/10g,Any 2 for £3.50 Clubcard Price - Selected Schwartz Seasonings,,True,Offer valid for delivery from 21/02/2025 until 09/07/2025,False,,,False,https://www.tesco.com/groceries/en-GB/products/257512300,https://digitalcontent.api.tesco.com/v2/media/ghs/ef814d35-ab56-4b1f-b32d-c7a9794f42f2/ae747606-d890-4722-9986-4e5dfd54e7b2_646723623.jpeg?h=225&w=225,Food Cupboard,Cooking Ingredients
257515124,Schwartz Ground Black Pepper 33G Jar,£2.00,£0.61/10g,Any 2 for £3.50 Clubcard Price - Selected Schwartz Seasonings,,True,Offer valid for delivery from 21/02/2025 until 09/07/2025,False,,,False,https://www.tesco.com/groceries/en-GB/products/257515124,https://digitalcontent.api.tesco.com/v2/media/ghs/fa219978-49e8-488e-ac4d-a7f9f30b0e05/708171f1-c813-47f9-a911-619e87ac3754_970390258.jpeg?h=225&w=225,Food Cupboard,Cooking Ingredients
254918735,Schwartz Whole Cloves 22G Jar,£2.00,£0.91/10g,Any 2 for £3.50 Clubcard Price - Selected Schwartz Seasonings,,True,Offer valid for delivery from 21/02/2025 until 09/07/2025,False,,,False,https://www.tesco.com/groceries/en-GB/products/254918735,https://digitalcontent.api.tesco.com/v2/media/ghs/aa27f75f-4899-49a4-b200-1f9a9a5ef506/6056e1d3-06bc-41bc-a964-3cb1f73ed5b9_1628372726.jpeg?h=225&w=225,Food Cupboard,Cooking Ingredients
313515189,Capsicana Mexican Fajita Chilli & Honey Paste 60G,£1.60,£2.67/100g,£1.20 Save 25% Clubcard Price,(£2.00/100g),True,Offer valid for delivery from 17/03/2025 until 21/04/2025,False,4.7,63,False,https://www.tesco.com/groceries/en-GB/products/313515189,https://digitalcontent.api.tesco.com/v2/media/ghs/3a0a689e-fdfb-4362-b35d-c18241f793e6/317d9cca-3a0f-4a89-ae9c-cbc26dd8d19b_172135276.jpeg?h=225&w=225,Food Cupboard,Cooking Ingredients
313746232,Capsicana Mexican Burrito Tomato & Chipotle Paste 60G,£1.60,£2.67/100g,£1.20 Save 25% Clubcard Price,(£2.00/100g),True,Offer valid for delivery from 17/03/2025 until 21/04/2025,False,4.8,61,False,https://www.tesco.com/groceries/en-GB/products/313746232,https://digitalcontent.api.tesco.com/v2/media/ghs/a5003ec8-8622-43df-9083-2dcb455e6a1e/237d2e24-1169-4361-b483-730fe0c9dc0d_641261493.jpeg?h=225&w=225,Food Cupboard,Cooking Ingredients
313941749,Capsicana Sizzling Steak Garlic Seasoning Mix Argentinian 28G,£1.35,£0.48/10g,£1.00 Save 25% Clubcard Price,(£0.36/10g),True,Offer valid for delivery from 17/03/2025 until 21/04/2025,False,4.9,155,False,https://www.tesco.com/groceries/en-GB/products/313941749,https://digitalcontent.api.tesco.com/v2/media/ghs/4c488433-640b-4693-a4b3-6f5c6ef60029/5ecc390e-b1ea-4349-8a24-a3c5811e5846_1814859175.jpeg?h=225&w=225,Food Cupboard,Cooking Ingredients
313004736,Capsicana Mexican Chipotle Fajita Cumin Seasoning Mix 28G,£1.35,£0.48/10g,£1.00 Save 25% Clubcard Price,(£0.36/10g),True,Offer valid for delivery from 17/03/2025 until 21/04/2025,False,4.7,140,False,https://www.tesco.com/groceries/en-GB/products/313004736,https://digitalcontent.api.tesco.com/v2/media/ghs/018abb8a-bcf9-41e4-b755-5de1b9af80aa/a3d7e402-ebc5-46fc-870f-4ed9cb5e7d54_1133585662.jpeg?h=225&w=225,Food Cupboard,Cooking Ingredients
313949361,Capsicana Paprika Brazilian Bbq Wrap Seasoning Mix 28G,£1.35,£0.48/10g,£1.00 Save 25% Clubcard Price,(£0.36/10g),True,Offer valid for delivery from 17/03/2025 until 21/04/2025,False,4.7,129,False,https://www.tesco.com/groceries/en-GB/products/313949361,https://digitalcontent.api.tesco.com/v2/media/ghs/7d9662f6-cb89-47a7-8918-7030398a4b4a/d6c5e8ee-4fca-4e78-b317-30690c67728f_820490577.jpeg?h=225&w=225,Food Cupboard,Cooking Ingredients
293354098,Schwartz Curry Sauce 30G,£0.95,£3.17/100g,Any 4 for £2.45 Clubcard Price - Selected Schwartz Recipe Mix,,True,Offer valid for delivery from 19/02/2025 until 09/07/2025,False,4.2,5,False,https://www.tesco.com/groceries/en-GB/products/293354098,https://digitalcontent.api.tesco.com/v2/media/ghs/233d7c25-2b3d-4c9b-8a25-430f452f67f5/d065e447-5856-4471-9cf1-c6cc5e098052_1047066627.jpeg?h=225&w=225,Food Cupboard,Cooking Ingredients
255123061,Schwartz Savoury White Sauce 25G,£0.95,£3.80/100g,Any 4 for £2.45 Clubcard Price - Selected Schwartz Recipe Mix,,True,Offer valid for delivery from 19/02/2025 until 09/07/2025,False,4.5,2,False,https://www.tesco.com/groceries/en-GB/products/255123061,https://digitalcontent.api.tesco.com/v2/media/ghs/cf17d763-482e-4b79-a5b7-ad8b96ff0b0c/11b953b1-f205-4d67-a81e-f587430338fc_699932083.jpeg?h=225&w=225,Food Cupboard,Cooking Ingredients
250773462,Schwartz Garlic & Mushroom Sauce 26G,£0.95,£3.65/100g,Any 4 for £2.45 Clubcard Price - Selected Schwartz Recipe Mix,,True,Offer valid for delivery from 19/02/2025 until 09/07/2025,False,3.3,6,False,https://www.tesco.com/groceries/en-GB/products/250773462,https://digitalcontent.api.tesco.com/v2/media/ghs/d81ee6f5-10d9-41a8-9348-590a1fc36412/5017fe65-6948-4dfc-ad34-88e680fd7c51_1753524303.jpeg?h=225&w=225,Food Cupboard,Cooking Ingredients
317202271,Maggi Air Fryer Shawarma 25g,£0.70,£28.00/kg,,,False,,False,,1,False,https://www.tesco.com/groceries/en-GB/products/317202271,https://digitalcontent.api.tesco.com/v2/media/ghs/ca813265-74a7-4933-b320-c11f16f49edb/d7e9af74-ba3f-4e55-91cd-1dfa3154ebf9_1278156503.jpeg?h=225&w=225,Food Cupboard,Cooking Ingredients
317314227,Maggi Air Fryer Fajita 27g,£0.70,£25.93/kg,,,False,,False,4.2,4,False,https://www.tesco.com/groceries/en-GB/products/317314227,https://digitalcontent.api.tesco.com/v2/media/ghs/254a08c2-76f0-4558-ada6-6efcc6cbe65d/e0d017f5-e93d-405c-bc1f-6e089e11ee17_208845980.jpeg?h=225&w=225,Food Cupboard,Cooking Ingredients
317289098,Maggi Air Fryer Piri PirI 27g,£0.70,£25.93/kg,,,False,,False,,,False,https://www.tesco.com/groceries/en-GB/products/317289098,https://digitalcontent.api.tesco.com/v2/media/ghs/b7a0b4c9-a64a-4b83-9389-abcd9a5d0be3/a24bfb8f-f401-4e00-bc1e-073df0c4fec5_1010092049.jpeg?h=225&w=225,Food Cupboard,Cooking Ingredients
315336478,Cape Herb & Spice Rub Louisiana Cajun Seasoning 100g,£3.75,£0.38/10g,,,False,,False,4.3,39,False,https://www.tesco.com/groceries/en-GB/products/315336478,https://digitalcontent.api.tesco.com/v2/media/ghs/a0dd985a-bfdc-4bd3-8829-3b9ad40e196c/44a97504-37e8-4b8e-93a2-78d76c2e9b7c_1705276032.jpeg?h=225&w=225,Food Cupboard,Cooking Ingredients
315346679,Cape Herb & Spice Rub Texan Steakhouse Seasoning 100g,£3.75,£0.38/10g,,,False,,False,4.9,29,False,https://www.tesco.com/groceries/en-GB/products/315346679,https://digitalcontent.api.tesco.com/v2/media/ghs/5bde844f-6049-48f9-8fbb-9257492394a7/1ed8b065-a6fe-4011-8e55-a5fecd4da533_1358663256.jpeg?h=225&w=225,Food Cupboard,Cooking Ingredients
315336417,Cape Herb & Spice Rub Caribbean Jerk Seasoning 100g,£3.75,£0.38/10g,,,False,,False,4.7,31,False,https://www.tesco.com/groceries/en-GB/products/315336417,https://digitalcontent.api.tesco.com/v2/media/ghs/a4eeb08b-c45d-4a94-b150-ff72c754bf5f/ce35242d-edce-47f8-b481-06b62fefa331_837965446.jpeg?h=225&w=225,Food Cupboard,Cooking Ingredients
315334215,Cape Herb & Spice Portuguese Peri Peri Seasoning Rub 100g,£3.75,£0.38/10g,,,False,,False,4.8,32,False,https://www.tesco.com/groceries/en-GB/products/315334215,https://digitalcontent.api.tesco.com/v2/media/ghs/22bcdceb-cc36-4d42-8f71-804e59d9714f/275bfc80-a177-4217-a1a6-01d62c3e74ee_723917518.jpeg?h=225&w=225,Food Cupboard,Cooking Ingredients
316061271,Cape Herb & Spice Rub Greek Style Lemon & Herb Seasoning 100g,£3.75,£0.38/10g,,,False,,False,4.5,36,False,https://www.tesco.com/groceries/en-GB/products/316061271,https://digitalcontent.api.tesco.com/v2/media/ghs/c6a269d2-6fc4-44fd-a915-850fe477eb1d/d2f112bd-c9cd-4e1a-884e-173acda3e16c_1949189474.jpeg?h=225&w=225,Food Cupboard,Cooking Ingredients
315465774,"Schwartz Nadiya All Purpose Seasoning - Mango, Lime & Coriander 115g",£2.50,£0.22/10g,,,False,,False,,12,False,https://www.tesco.com/groceries/en-GB/products/315465774,https://digitalcontent.api.tesco.com/v2/media/ghs/44e3624f-8b72-4931-b2ab-fe7fda9f3f8c/d16aba6d-8a35-4a16-adfe-7ba1ee0a32ca_1797420631.jpeg?h=225&w=225,Food Cupboard,Cooking Ingredients
315452294,"Schwartz Nadiya All Purpose Seasoning - Paprika, Garlic & Parsley 105g",£2.50,£0.24/10g,,,False,,False,,1,False,https://www.tesco.com/groceries/en-GB/products/315452294,https://digitalcontent.api.tesco.com/v2/media/ghs/7b8d3bee-32e3-4242-bfa3-dc4e12804bb0/9b953f82-49a7-45c8-9273-42d1de091ac0_1236489330.jpeg?h=225&w=225,Food Cupboard,Cooking Ingredients
315363324,"Schwartz Nadiya Bell Pepper, Oregano & Garlic All Purpose Seasoning 110g",£2.50,£0.23/10g,,,False,,False,4.5,4,False,https://www.tesco.com/groceries/en-GB/products/315363324,https://digitalcontent.api.tesco.com/v2/media/ghs/4549f6a4-060d-4be6-911d-466115c4c899/1e4d51c2-8cdc-4ef0-8148-00024d3498c2_630677314.jpeg?h=225&w=225,Food Cupboard,Cooking Ingredients
279751582,Olivio Oil 500Ml,£2.70,£0.54/100ml,£2.00 Save 25% Clubcard Price,(£0.40/100ml),True,Offer valid for delivery from 16/04/2025 until 13/05/2025,False,,5,False,https://www.tesco.com/groceries/en-GB/products/279751582,https://digitalcontent.api.tesco.com/v2/media/ghs/2718d9a0-9b5d-4fd4-86da-562baaacfd2d/6dcc8e6b-1b12-44c2-9e10-c477b25939f1_990229276.jpeg?h=225&w=225,Food Cupboard,Cooking Ingredients
317292447,Just Spices Vegetable Topping Seasoning 75g,£4.00,£0.53/10g,,,False,,False,4.6,42,False,https://www.tesco.com/groceries/en-GB/products/317292447,https://digitalcontent.api.tesco.com/v2/media/ghs/4fefc135-eb03-46d3-95a2-f813c5433b22/806efa49-d603-451d-a1bf-d4baf0e9ff09_1370436939.jpeg?h=225&w=225,Food Cupboard,Cooking Ingredients
317198355,Just Spices Egg Topping Seasoning 55g,£4.00,£0.73/10g,,,False,,False,4.6,57,False,https://www.tesco.com/groceries/en-GB/products/317198355,https://digitalcontent.api.tesco.com/v2/media/ghs/523a3d83-bddd-4c3b-a21c-a144152d62c6/623e3162-a304-4b3e-bf25-175edddddab2_2142745596.jpeg?h=225&w=225,Food Cupboard,Cooking Ingredients
317403799,Just Spices Chicken Topping Seasoning 79g,£4.00,£0.51/10g,,,False,,False,4.7,30,False,https://www.tesco.com/groceries/en-GB/products/317403799,https://digitalcontent.api.tesco.com/v2/media/ghs/6db58d90-59e0-4c3f-8190-80ff9cd41029/ad0cc414-c031-4bd5-b2d3-5c755957be37_825580495.jpeg?h=225&w=225,Food Cupboard,Cooking Ingredients
312989896,Old Bay Original Seasoning 75G,£3.00,£0.40/10g,,,False,,False,4.8,20,False,https://www.tesco.com/groceries/en-GB/products/312989896,https://digitalcontent.api.tesco.com/v2/media/ghs/229cfa56-4071-409a-b200-898593e07532/b90f3f9f-47f8-4bbb-9037-a90c626ff6e5_1892363222.jpeg?h=225&w=225,Food Cupboard,Cooking Ingredients
317206693,Just Spices Avocado Topping Seasoning 60g,£4.00,£0.67/10g,,,False,,False,4.2,33,False,https://www.tesco.com/groceries/en-GB/products/317206693,https://digitalcontent.api.tesco.com/v2/media/ghs/f177eb80-f3bc-4bef-891d-98b037e9fab4/5e169340-5dc6-4550-b6c9-343cf6c984f5_1126239366.jpeg?h=225&w=225,Food Cupboard,Cooking Ingredients
289623609,The Spice Tailor Butter Chicken Mild Curry 300G,£3.85,£12.83/kg,,,False,,False,,43,True,https://www.tesco.com/groceries/en-GB/products/289623609,https://digitalcontent.api.tesco.com/v2/media/ghs/1db8f7b8-8432-4008-a513-d7deacb9e463/295e5690-e466-4271-b878-bfe15a3d52f8_1461245880.jpeg?h=225&w=225,Food Cupboard,"Cooking Sauces, Meal Kits & Sides"
277017504,The Spice Tailor Rustic Rogan Josh 300G,£3.85,£1.28/100g,,,False,,False,4.9,28,True,https://www.tesco.com/groceries/en-GB/products/277017504,https://digitalcontent.api.tesco.com/v2/media/ghs/6bf76df7-f896-4a70-8201-7c4cc10b3075/7971c7db-6831-4576-8874-51813ae47a7f_1697387110.jpeg?h=225&w=225,Food Cupboard,"Cooking Sauces, Meal Kits & Sides"
301786444,The Spice Tailor Classic Tarka Daal 400G,£3.85,£9.62/kg,,,False,,False,4.7,70,True,https://www.tesco.com/groceries/en-GB/products/301786444,https://digitalcontent.api.tesco.com/v2/media/ghs/fb03e017-9d44-458d-9935-d411da5f93d3/9f7dee32-5f1f-42a5-89d0-c912f369018b_1110517594.jpeg?h=225&w=225,Food Cupboard,"Cooking Sauces, Meal Kits & Sides"
303852115,Mutti Basilico Basil Pasta Sauce 400G,£3.00,£0.75/100g,,,False,,False,4.5,13,False,https://www.tesco.com/groceries/en-GB/products/303852115,https://digitalcontent.api.tesco.com/v2/media/ghs/f4bd4cfa-e76b-40da-a957-ba6eb30580b6/aedba1c9-e551-4447-a30f-84dd3c7ce179_1261721879.jpeg?h=225&w=225,Food Cupboard,"Cooking Sauces, Meal Kits & Sides"
314842940,Mutti Bolognese Sauce 400g,£3.00,£0.75/100g,,,False,,False,4.9,15,False,https://www.tesco.com/groceries/en-GB/products/314842940,https://digitalcontent.api.tesco.com/v2/media/ghs/714d9e0f-ff6b-4fa0-8fe0-145ffb1def91/321fe797-cb51-4b30-9f37-3b942d209032_110146158.jpeg?h=225&w=225,Food Cupboard,"Cooking Sauces, Meal Kits & Sides"
282999958,Tesco Tomato & Herb Pizza Topper 200G,£2.15,£1.08/100g,,,False,,False,4.6,69,False,https://www.tesco.com/groceries/en-GB/products/282999958,https://digitalcontent.api.tesco.com/v2/media/ghs/be540ce5-919b-4a3c-9247-1357b87868bb/3f46f896-6690-4ed7-8556-3a4bd4bb3597_1726905019.jpeg?h=225&w=225,Food Cupboard,"Cooking Sauces, Meal Kits & Sides"
310094229,Mutti Classic Pizza Sauce 400G,£2.25,£5.62/kg,,,False,,False,,4,False,https://www.tesco.com/groceries/en-GB/products/310094229,https://digitalcontent.api.tesco.com/v2/media/ghs/cc400033-a794-4ed7-99e9-3b33252c0605/eaadea8d-a405-4849-a302-4fa3445f5eb9_1939787382.jpeg?h=225&w=225,Food Cupboard,"Cooking Sauces, Meal Kits & Sides"
265431356,Old El Paso Smoky Bbq Fajita Dinner Kit 500G,£3.80,£7.60/kg,,,False,,False,4.4,82,False,https://www.tesco.com/groceries/en-GB/products/265431356,https://digitalcontent.api.tesco.com/v2/media/ghs/bf9c5566-6535-4245-b2b5-35502d926850/2fb67710-7ea4-4888-a8c3-ef1638e70c5c_1250896823.jpeg?h=225&w=225,Food Cupboard,"Cooking Sauces, Meal Kits & Sides"
301517659,Homepride Pasta Bake Sauce - Tomato & Herb 485g,£2.50,£0.52/100g,,,False,,False,4.1,100,False,https://www.tesco.com/groceries/en-GB/products/301517659,https://digitalcontent.api.tesco.com/v2/media/ghs/68ebe035-06a2-4f40-82fa-91a7dd66a153/ad0ab9c3-79a7-465e-bd01-67965da77f11_31950619.jpeg?h=225&w=225,Food Cupboard,"Cooking Sauces, Meal Kits & Sides"
301517672,Homepride Tomato & Bacon Pasta Bake 485g,£2.50,£0.52/100g,,,False,,False,4.3,52,False,https://www.tesco.com/groceries/en-GB/products/301517672,https://digitalcontent.api.tesco.com/v2/media/ghs/1a42bda7-df24-4043-bd64-82d4d9b768d0/5632a55e-fe86-49ee-a44a-429afa6edb16_1319942367.jpeg?h=225&w=225,Food Cupboard,"Cooking Sauces, Meal Kits & Sides"
297569460,Sacla Basil Pesto Pots 90g,£2.00,£2.22/100g,,,False,,False,,1,False,https://www.tesco.com/groceries/en-GB/products/297569460,https://digitalcontent.api.tesco.com/v2/media/ghs/41a3d132-db96-4652-886e-fd11415943cf/ac937c9c-69ec-45c1-ab99-f47e861bd868_82993431.jpeg?h=225&w=225,Food Cupboard,"Cooking Sauces, Meal Kits & Sides"
300600488,Tesco Sourdough Pizza Base 2 Pack 220G,£1.65,£0.75/100g,,,False,,False,3.8,63,False,https://www.tesco.com/groceries/en-GB/products/300600488,https://digitalcontent.api.tesco.com/v2/media/ghs/79ffa71f-347e-4c90-b013-f58e8b1b6989/60fab6d6-080a-4a50-aee7-df48d0bc95de_353504849.jpeg?h=225&w=225,Food Cupboard,"Cooking Sauces, Meal Kits & Sides"
250742228,Loyd Grossman Tomato & Basil Pasta Sauce 350G,£3.00,£0.86/100g,£1.65 Clubcard Price,(£0.47/100g),True,Offer valid for delivery from 19/03/2025 until 13/05/2025,False,4.1,56,False,https://www.tesco.com/groceries/en-GB/products/250742228,https://digitalcontent.api.tesco.com/v2/media/ghs/bfa91fd0-bddd-4a41-8b1e-e9cd754bc048/89d987c6-dec3-453b-bea2-751ee3eda864_392756684.jpeg?h=225&w=225,Food Cupboard,"Cooking Sauces, Meal Kits & Sides"
250742263,Loyd Grossman Tomato & Chilli Pasta Sauce 350G,£3.00,£0.86/100g,£1.65 Clubcard Price,(£0.47/100g),True,Offer valid for delivery from 17/03/2025 until 13/05/2025,False,4.3,63,False,https://www.tesco.com/groceries/en-GB/products/250742263,https://digitalcontent.api.tesco.com/v2/media/ghs/dce00bc8-10ef-416b-9873-9e827b73872b/179eb049-3bae-46de-bf87-f28bb10a7788_1833459248.jpeg?h=225&w=225,Food Cupboard,"Cooking Sauces, Meal Kits & Sides"
253668818,Loyd Grossman Tomato Roasted Garlic Pasta Sauce 350G,£3.00,£0.86/100g,£1.65 Clubcard Price,(£0.47/100g),True,Offer valid for delivery from 17/03/2025 until 13/05/2025,False,4.3,84,False,https://www.tesco.com/groceries/en-GB/products/253668818,https://digitalcontent.api.tesco.com/v2/media/ghs/b0a2b8e9-641f-43a8-ad77-6e57ff7fa7eb/03c5ce5a-47e3-43b6-ae13-7f34377cc88e_1064919366.jpeg?h=225&w=225,Food Cupboard,"Cooking Sauces, Meal Kits & Sides"
251505071,Old El Paso Smoky Bbq Fajita Seasoning Mx 35G,£1.25,£3.57/100g,£1.00 Clubcard Price,(£2.86/100g),True,Offer valid for delivery from 16/04/2025 until 13/05/2025,False,4.5,45,False,https://www.tesco.com/groceries/en-GB/products/251505071,https://digitalcontent.api.tesco.com/v2/media/ghs/c0720b23-e212-44bd-a21c-1a23ee50a74e/0ba22bf3-2f1a-456e-945f-5cdc1ffed128_106727038.jpeg?h=225&w=225,Food Cupboard,"Cooking Sauces, Meal Kits & Sides"
292761809,Tesco Fajita Seasoning 30G,£1.00,£3.33/100g,,,False,,False,4.2,32,False,https://www.tesco.com/groceries/en-GB/products/292761809,https://digitalcontent.api.tesco.com/v2/media/ghs/e9848f96-730c-489b-a6fc-ed5cb966270e/c315fa6f-a46c-4084-98da-25b90fb7e131_718378036.jpeg?h=225&w=225,Food Cupboard,"Cooking Sauces, Meal Kits & Sides"
302471400,Tesco Medium Fajita Kit 475G,£1.75,£0.00/kg,,,False,,False,4.7,34,False,https://www.tesco.com/groceries/en-GB/products/302471400,https://digitalcontent.api.tesco.com/v2/media/ghs/f37265e9-99fa-43d6-864b-f8701d5c486d/57262ab9-9224-4ac5-9219-a5b92a72a8cb_1049759158.jpeg?h=225&w=225,Food Cupboard,"Cooking Sauces, Meal Kits & Sides"
307147909,Schwartz Cheddar Cheese Sauce Mix 38G,£0.95,£2.50/100g,Any 4 for £2.45 Clubcard Price - Selected Schwartz Recipe Mix,,True,Offer valid for delivery from 19/02/2025 until 09/07/2025,False,,45,False,https://www.tesco.com/groceries/en-GB/products/307147909,https://digitalcontent.api.tesco.com/v2/media/ghs/afc32950-6c0f-4fe4-96f8-226d347c5605/ab01151b-66b6-4e32-88e0-f48c77530868_584284600.jpeg?h=225&w=225,Food Cupboard,"Cooking Sauces, Meal Kits & Sides"
274748122,Pataks Tikka Masala Medium Sauce 450G,£2.15,£0.48/100g,£1.50 Clubcard Price,(£0.33/100g),True,Offer valid for delivery from 27/03/2025 until 21/04/2025,False,4.1,57,False,https://www.tesco.com/groceries/en-GB/products/274748122,https://digitalcontent.api.tesco.com/v2/media/ghs/69857580-3c44-45db-8a34-29d479d4b5ea/03ff8c59-5674-45e1-b9ea-8df6095db7a8_2122842488.jpeg?h=225&w=225,Food Cupboard,"Cooking Sauces, Meal Kits & Sides"
274747492,Pataks Mild Korma Sauce 450G,£2.15,£0.48/100g,£1.50 Clubcard Price,(£0.33/100g),True,Offer valid for delivery from 27/03/2025 until 21/04/2025,False,3.8,56,False,https://www.tesco.com/groceries/en-GB/products/274747492,https://digitalcontent.api.tesco.com/v2/media/ghs/2c2b2d5b-0c3b-4436-b2a5-23dc138d64cc/ff1d085d-7d1a-46af-b9a7-e9033813f187_382702090.jpeg?h=225&w=225,Food Cupboard,"Cooking Sauces, Meal Kits & Sides"
278831443,Aleyna Sliced Green Jalapeno Peppers 480G,,,,,False,,False,4.1,39,False,https://www.tesco.com/groceries/en-GB/products/278831443,https://digitalcontent.api.tesco.com/v2/media/ghs/3e085227-f0c8-4f57-9d20-12cca0e40c3d/92301832-2f61-4520-b915-534c2f5208c5_2061123026.jpeg?h=225&w=225,Food Cupboard,"Cooking Sauces, Meal Kits & Sides"
268392493,Colman's Sausage Casserole Recipe Mix 39G,£0.90,£2.31/100g,65p Clubcard Price,(£1.67/100g),True,Offer valid for delivery from 16/04/2025 until 10/06/2025,False,4.5,57,False,https://www.tesco.com/groceries/en-GB/products/268392493,https://digitalcontent.api.tesco.com/v2/media/ghs/1ce309c0-5ed8-4fae-bc98-39f2a3354d92/6d088f85-c1ff-4478-99a0-78c74aeb59b3_2046725929.jpeg?h=225&w=225,Food Cupboard,"Cooking Sauces, Meal Kits & Sides"
254882228,Colman's Chicken Casserole Recipe Mix 40G,£0.90,£2.25/100g,65p Clubcard Price,(£1.63/100g),True,Offer valid for delivery from 16/04/2025 until 10/06/2025,False,4.5,49,False,https://www.tesco.com/groceries/en-GB/products/254882228,https://digitalcontent.api.tesco.com/v2/media/ghs/a8655e99-b5d7-48f5-a00c-93f367a73695/1de6a7ed-4c81-4fee-ae34-45e598e5830d_894152685.jpeg?h=225&w=225,Food Cupboard,"Cooking Sauces, Meal Kits & Sides"
254882418,Colman's Chilli Con Carne Recipe Mix 50G,£0.90,£1.80/100g,65p Clubcard Price,(£1.30/100g),True,Offer valid for delivery from 16/04/2025 until 10/06/2025,False,4.3,59,False,https://www.tesco.com/groceries/en-GB/products/254882418,https://digitalcontent.api.tesco.com/v2/media/ghs/6fe7b14d-0573-4322-998d-7189b4fc20a0/1a7a5676-12a5-4248-b374-e1a9745b0428_687916862.jpeg?h=225&w=225,Food Cupboard,"Cooking Sauces, Meal Kits & Sides"
300344877,Tesco Plain Mini Naan Breads 4 Pack 188g,£1.00,£0.53/100g,,,False,,False,4.3,71,False,https://www.tesco.com/groceries/en-GB/products/300344877,https://digitalcontent.api.tesco.com/v2/media/ghs/7e7a79e0-7e6a-4501-bac0-4144ed6b6f7e/fb413504-6bc3-4cbd-b7f7-794a8c90a7ed_1407594780.jpeg?h=225&w=225,Food Cupboard,"Cooking Sauces, Meal Kits & Sides"
257572562,Tesco Mild Salsa Dip 300G,£1.00,£0.33/100g,,,False,,False,4.3,45,False,https://www.tesco.com/groceries/en-GB/products/257572562,https://digitalcontent.api.tesco.com/v2/media/ghs/47767a49-82a9-47b3-9098-05fc69fdfc91/ba1142c3-c6a8-49d2-bdac-050919ae5369_965906282.jpeg?h=225&w=225,Food Cupboard,"Cooking Sauces, Meal Kits & Sides"
285583564,Tesco Plain Poppadoms 8 Pack 64G,£1.15,£1.80/100g,,,False,,False,3.4,86,False,https://www.tesco.com/groceries/en-GB/products/285583564,https://digitalcontent.api.tesco.com/v2/media/ghs/54658bb5-c66c-48f4-a345-1e9333444bec/01002ea5-ab09-4cf7-a318-d7a473b92ae7_1588173595.jpeg?h=225&w=225,Food Cupboard,"Cooking Sauces, Meal Kits & Sides"
255553381,Tesco Prawn Crackers 60G,£0.85,£1.42/100g,,,False,,False,3.9,53,False,https://www.tesco.com/groceries/en-GB/products/255553381,https://digitalcontent.api.tesco.com/v2/media/ghs/31b984aa-1d4a-4675-89a7-599434b6abf6/f9ec34a5-1259-4e9e-894b-3e43806a41ed_531136711.jpeg?h=225&w=225,Food Cupboard,"Cooking Sauces, Meal Kits & Sides"
266578876,Tesco Classic Green Pesto 190G,£0.99,£0.52/100g,,,False,,False,1.8,42,False,https://www.tesco.com/groceries/en-GB/products/266578876,https://digitalcontent.api.tesco.com/v2/media/ghs/57b8a33a-fef9-4cec-bbab-c00387b841aa/2ac1f425-46bc-462d-a408-f8706ed2c7b5_1242626275.jpeg?h=225&w=225,Food Cupboard,"Cooking Sauces, Meal Kits & Sides"
289660616,Tesco Light Coconut Milk 400Ml,£0.79,£1.98/litre,,,False,,False,3.6,53,False,https://www.tesco.com/groceries/en-GB/products/289660616,https://digitalcontent.api.tesco.com/v2/media/ghs/1a4b721b-042d-4464-a63c-7001b85475b0/9190dfac-d0d4-4745-acd6-e51fc594eb81_1019405902.jpeg?h=225&w=225,Food Cupboard,"Cooking Sauces, Meal Kits & Sides"
263625653,Tesco Mango Chutney 230G,£0.95,£0.41/100g,,,False,,False,3.7,67,False,https://www.tesco.com/groceries/en-GB/products/263625653,https://digitalcontent.api.tesco.com/v2/media/ghs/41deb54a-f838-429c-a0ba-c6eeeb64bab8/2f7d2db0-0c04-4abb-9a4e-a1f58c720541_1644496508.jpeg?h=225&w=225,Food Cupboard,"Cooking Sauces, Meal Kits & Sides"
266578847,Tesco Red Pesto 190G,£0.99,£0.52/100g,,,False,,False,4.3,28,False,https://www.tesco.com/groceries/en-GB/products/266578847,https://digitalcontent.api.tesco.com/v2/media/ghs/72390038-8146-4d46-abb3-bc6dcb872f38/d57dc906-ccbd-45fa-bedc-957f63ada8ab_1054168747.jpeg?h=225&w=225,Food Cupboard,"Cooking Sauces, Meal Kits & Sides"
289660927,Tesco Coconut Milk 400Ml,£0.79,£1.98/litre,,,False,,False,2.3,48,False,https://www.tesco.com/groceries/en-GB/products/289660927,https://digitalcontent.api.tesco.com/v2/media/ghs/48b1a649-8ede-4187-87bb-b7d087a4a20f/be406a61-c592-4902-9b0e-5f628ca1cac3_1737097390.jpeg?h=225&w=225,Food Cupboard,"Cooking Sauces, Meal Kits & Sides"
266837858,Tesco Garlic & Coriander Naan 2 Pack 260G,£0.80,£0.31/100g,,,False,,False,4.6,133,False,https://www.tesco.com/groceries/en-GB/products/266837858,https://digitalcontent.api.tesco.com/v2/media/ghs/0bda1d7a-5933-421f-81aa-3685c2484904/3414bef5-be1e-497b-9a3c-1994b94f4519_551305664.jpeg?h=225&w=225,Food Cupboard,"Cooking Sauces, Meal Kits & Sides"
252548070,Tesco Korma Cooking Sauce 500G,£0.99,£0.20/100g,,,False,,False,3.9,65,False,https://www.tesco.com/groceries/en-GB/products/252548070,https://digitalcontent.api.tesco.com/v2/media/ghs/49ce83ae-10b4-4a64-be16-1a34018d7a0d/5087c1cb-bfc7-4c61-83f2-a720244b20ed_1914770876.jpeg?h=225&w=225,Food Cupboard,"Cooking Sauces, Meal Kits & Sides"
252547641,Tesco Tikka Masala Cooking Sauce 500G,£0.99,£0.20/100g,,,False,,False,3.7,46,False,https://www.tesco.com/groceries/en-GB/products/252547641,https://digitalcontent.api.tesco.com/v2/media/ghs/8ee8568d-7ed3-4fa7-b320-a3f18524ef31/db58c0ac-1337-4fdb-9470-70ab5d378e6f_1022350545.jpeg?h=225&w=225,Food Cupboard,"Cooking Sauces, Meal Kits & Sides"
294781229,Tesco Light Soy Sauce 150Ml,£0.60,£0.40/100ml,,,False,,False,4.5,65,False,https://www.tesco.com/groceries/en-GB/products/294781229,https://digitalcontent.api.tesco.com/v2/media/ghs/622d8675-f659-4d4e-83f3-f22f70aa7c08/d10d612a-14cf-4ebc-be79-259f1f189969_659550841.jpeg?h=225&w=225,Food Cupboard,"Cooking Sauces, Meal Kits & Sides"
294781206,Tesco Dark Soy Sauce 150Ml,£0.60,£0.40/100ml,,,False,,False,4.4,90,False,https://www.tesco.com/groceries/en-GB/products/294781206,https://digitalcontent.api.tesco.com/v2/media/ghs/0a4e13e6-790c-4fc1-92ec-33eb6a83f75a/24f94dc8-6907-4f57-bbe4-0b8f81dddab0_1488320388.jpeg?h=225&w=225,Food Cupboard,"Cooking Sauces, Meal Kits & Sides"
278104918,Tesco Peshwari Naan Breads 2 Pack 260G,£0.80,£0.31/100g,,,False,,False,2.7,54,False,https://www.tesco.com/groceries/en-GB/products/278104918,https://digitalcontent.api.tesco.com/v2/media/ghs/8213a354-1102-4a77-83f7-00b2109090fc/0533a7e6-cb4b-4041-ba3c-cc0089388d01_1609148804.jpeg?h=225&w=225,Food Cupboard,"Cooking Sauces, Meal Kits & Sides"
268012570,Tesco Red Lasagne Pasta Sauce 500G,£0.69,£0.14/100g,,,False,,False,4.5,131,False,https://www.tesco.com/groceries/en-GB/products/268012570,https://digitalcontent.api.tesco.com/v2/media/ghs/b50b3d77-8967-454e-8c6b-10396f5aa7a7/a3f7a908-503c-4d2b-a5d7-02b8cc577bed_355683611.jpeg?h=225&w=225,Food Cupboard,"Cooking Sauces, Meal Kits & Sides"
277081824,Tesco Tomato & Basil Sauce For Meatballs 500G,£0.69,£0.14/100g,,,False,,False,4.5,62,False,https://www.tesco.com/groceries/en-GB/products/277081824,https://digitalcontent.api.tesco.com/v2/media/ghs/6cbb7f36-4bfa-4530-ae76-db8f70830fa3/2717252f-bc12-4f1f-91ca-f05896332e18_285155758.jpeg?h=225&w=225,Food Cupboard,"Cooking Sauces, Meal Kits & Sides"
282594567,Tesco Smooth Bolognese Sauce 500g,£0.69,£0.14/100g,,,False,,False,4.5,66,False,https://www.tesco.com/groceries/en-GB/products/282594567,https://digitalcontent.api.tesco.com/v2/media/ghs/a350df54-f45f-48fe-bd4f-b865a0a4cc4f/f328b752-2bbc-4b45-91ba-7fb1418a522f_656335896.jpeg?h=225&w=225,Food Cupboard,"Cooking Sauces, Meal Kits & Sides"
257745479,Tesco Chunky Vegetable Pasta Sauce 500G,£0.69,£0.14/100g,,,False,,False,3.5,40,False,https://www.tesco.com/groceries/en-GB/products/257745479,https://digitalcontent.api.tesco.com/v2/media/ghs/e2a3dc47-f4bc-4d7f-afba-fd80ae4e7571/2f4e56a0-18a3-4439-ad60-16914cb82ade_183317018.jpeg?h=225&w=225,Food Cupboard,"Cooking Sauces, Meal Kits & Sides"
257797970,Tesco Bolognese Pasta Sauce Jar 500G,£0.69,£0.14/100g,,,False,,False,3.8,53,False,https://www.tesco.com/groceries/en-GB/products/257797970,https://digitalcontent.api.tesco.com/v2/media/ghs/96e7c60f-ad98-47c1-911e-28d273b0cd81/c79e847c-b93f-4021-baed-ced843e744e1_506273467.jpeg?h=225&w=225,Food Cupboard,"Cooking Sauces, Meal Kits & Sides"
297844094,Hearty Food Co. Tomato & Herb Pasta Sauce 440G,£0.49,£0.11/100g,,,False,,False,2.2,79,False,https://www.tesco.com/groceries/en-GB/products/297844094,https://digitalcontent.api.tesco.com/v2/media/ghs/f6835df5-081e-4bf8-80d8-5570f362e31d/2d815859-9aff-4c67-bf3c-f99ce096ceb0_86061349.jpeg?h=225&w=225,Food Cupboard,"Cooking Sauces, Meal Kits & Sides"
264691387,Tesco Creamy Tomato & Herb Pasta Bake Sauce 500g,£0.69,£0.14/100g,,,False,,False,3.3,50,False,https://www.tesco.com/groceries/en-GB/products/264691387,https://digitalcontent.api.tesco.com/v2/media/ghs/967fe2da-2546-45e9-a96c-4a2556b32017/09358ff3-029f-43da-bb65-ab4bcab8d0fa_755632448.jpeg?h=225&w=225,Food Cupboard,"Cooking Sauces, Meal Kits & Sides"
277081778,Tesco Tomato Mascarpone Pasta Sauce 500G,£0.69,£0.14/100g,,,False,,False,4.5,74,False,https://www.tesco.com/groceries/en-GB/products/277081778,https://digitalcontent.api.tesco.com/v2/media/ghs/8df1eef4-f08f-4de5-815d-bfd71dbb837c/f9133b77-28cd-4eb9-bf16-e884f5291523_1599880252.jpeg?h=225&w=225,Food Cupboard,"Cooking Sauces, Meal Kits & Sides"
305054095,Tesco White Lasagne Sauce 340G,£0.50,£0.15/100g,,,False,,False,2.7,42,False,https://www.tesco.com/groceries/en-GB/products/305054095,https://digitalcontent.api.tesco.com/v2/media/ghs/fa9f1871-4578-4edc-81e4-bad2f24857c5/2754d0f1-276b-4634-935b-f1116e90cb51_382661957.jpeg?h=225&w=225,Food Cupboard,"Cooking Sauces, Meal Kits & Sides"
252298658,Sharwoods Green Label Mango Chutney 530G,£3.50,£0.66/100g,,,False,,False,4.4,59,False,https://www.tesco.com/groceries/en-GB/products/252298658,https://digitalcontent.api.tesco.com/v2/media/ghs/665b56c0-6723-4de5-9e44-1e77b890a39a/7e394df5-4a7e-4937-b946-f6a2606473fb_427067550.jpeg?h=225&w=225,Food Cupboard,"Cooking Sauces, Meal Kits & Sides"
309459029,Bisto Cheese Sauce Mix 185G,£3.00,£1.62/100g,,,False,,False,4.3,60,False,https://www.tesco.com/groceries/en-GB/products/309459029,https://digitalcontent.api.tesco.com/v2/media/ghs/3f575a07-f6b5-440e-8b82-5492d1b6f0ac/b8c9bf48-cb2e-481c-b96e-e84cf38d46d3_92348516.jpeg?h=225&w=225,Food Cupboard,"Cooking Sauces, Meal Kits & Sides"
309190957,Bens Original Sweet & Sour Sauce 450G,£2.50,£0.56/100g,£2.00 Clubcard Price,(£0.44/100g),True,Offer valid for delivery from 16/04/2025 until 13/05/2025,False,4.1,50,False,https://www.tesco.com/groceries/en-GB/products/309190957,https://digitalcontent.api.tesco.com/v2/media/ghs/c3fd79fd-bec0-4ccb-95b7-a880ac9ef6c0/f2e21072-9322-4795-9ef8-2dcfd63e51eb_969236113.jpeg?h=225&w=225,Food Cupboard,"Cooking Sauces, Meal Kits & Sides"
309188857,Ben's Original Chilli Con Carne Sauce Medium 450G,£2.50,£0.56/100g,,,False,,False,3.6,21,False,https://www.tesco.com/groceries/en-GB/products/309188857,https://digitalcontent.api.tesco.com/v2/media/ghs/c4fb1311-1e46-4d27-988e-840c8b08227e/989be7e7-be0e-405d-9046-9b07d429c1c7_1866371885.jpeg?h=225&w=225,Food Cupboard,"Cooking Sauces, Meal Kits & Sides"
254879319,Sacla Classic Basil Pesto 190G,£3.35,£1.76/100g,£1.95 Clubcard Price,(£1.03/100g),True,Offer valid for delivery from 31/03/2025 until 29/04/2025,False,3.4,9,False,https://www.tesco.com/groceries/en-GB/products/254879319,https://digitalcontent.api.tesco.com/v2/media/ghs/4309ae87-1348-4705-90b1-41c1d09402c5/f8c8f910-e1a1-4cc8-8c5b-b0891d2a12fd_278502796.jpeg?h=225&w=225,Food Cupboard,"Cooking Sauces, Meal Kits & Sides"
265434265,Old El Paso Crunchy Taco Shells X12 156G,£2.00,£1.28/100g,,,False,,False,3.8,54,False,https://www.tesco.com/groceries/en-GB/products/265434265,https://digitalcontent.api.tesco.com/v2/media/ghs/8b785ed8-272a-45b5-ba81-01dc9385cd53/b8fc29d6-e650-4aca-96c6-cf0c06866300_100509789.jpeg?h=225&w=225,Food Cupboard,"Cooking Sauces, Meal Kits & Sides"
258808531,Old El Paso 8 Regular Flour Tortillas 326g,£1.80,£0.55/100g,,,False,,False,4.2,59,False,https://www.tesco.com/groceries/en-GB/products/258808531,https://digitalcontent.api.tesco.com/v2/media/ghs/2824641e-5f1b-4d5c-9ed0-3813ffc15eb2/68d90132-8ead-446e-ba56-b41e2ba60055_1974775560.jpeg?h=225&w=225,Food Cupboard,"Cooking Sauces, Meal Kits & Sides"
254945783,Sharwoods Plain Poppadoms 8 Pack,£2.25,£0.28/each,,,False,,False,4.3,70,False,https://www.tesco.com/groceries/en-GB/products/254945783,https://digitalcontent.api.tesco.com/v2/media/ghs/4bd5caf7-8c5b-4b44-8776-8960c67b7e5f/24205e01-cc88-43e1-a984-6280b4e1c448_895523575.jpeg?h=225&w=225,Food Cupboard,"Cooking Sauces, Meal Kits & Sides"
292760908,Tesco Plain Tortillas X8 320G,£1.40,£0.44/100g,,,False,,False,3.9,50,False,https://www.tesco.com/groceries/en-GB/products/292760908,https://digitalcontent.api.tesco.com/v2/media/ghs/c23eaf83-1b8a-4611-bebf-04c195df756c/b91766cb-9ed0-4c45-80fb-5d2d75c2d6c3_757172218.jpeg?h=225&w=225,Food Cupboard,"Cooking Sauces, Meal Kits & Sides"
314313392,Simply Cook Creamy Chorizo Penne Recipe Kit 39g,£2.50,£6.41/100g,,,False,,False,,,False,https://www.tesco.com/groceries/en-GB/products/314313392,https://digitalcontent.api.tesco.com/v2/media/ghs/743fc346-8887-4567-be72-2c1ec956f075/9b725b23-c979-43b4-a6e2-b501c3611881_1154509052.jpeg?h=225&w=225,Food Cupboard,"Cooking Sauces, Meal Kits & Sides"
250545047,Sharwood's Mild Tikka Masala Curry Sauce 420g,£2.50,£0.60/100g,,,False,,False,4.4,54,False,https://www.tesco.com/groceries/en-GB/products/250545047,https://digitalcontent.api.tesco.com/v2/media/ghs/88133079-556f-4a4c-88de-16cca366efe1/3d088658-da69-4265-90f2-abbff4add456_2100448380.jpeg?h=225&w=225,Food Cupboard,"Cooking Sauces, Meal Kits & Sides"
250526427,Sharwoods Korma Sauce 420G,£2.50,£0.60/100g,,,False,,False,4.1,42,False,https://www.tesco.com/groceries/en-GB/products/250526427,https://digitalcontent.api.tesco.com/v2/media/ghs/b433acf5-195a-4a71-95b1-c3b1df6d1662/45a8cc2a-8752-4648-9f2f-54fd1b489632_1913585070.jpeg?h=225&w=225,Food Cupboard,"Cooking Sauces, Meal Kits & Sides"
250567240,Loyd Grossman Smoky Bacon Pasta Sauce 350G,£3.00,£0.86/100g,£1.65 Clubcard Price,(£0.47/100g),True,Offer valid for delivery from 17/03/2025 until 13/05/2025,False,4.8,37,False,https://www.tesco.com/groceries/en-GB/products/250567240,https://digitalcontent.api.tesco.com/v2/media/ghs/774be666-c404-4be7-9429-8a17692a718c/536cc5ff-2337-432e-acf6-f06d8d85a436_568435170.jpeg?h=225&w=225,Food Cupboard,"Cooking Sauces, Meal Kits & Sides"
297237726,Tesco Taco Seasoning 30G,£1.00,£3.33/100g,,,False,,False,4.7,26,False,https://www.tesco.com/groceries/en-GB/products/297237726,https://digitalcontent.api.tesco.com/v2/media/ghs/6c36771d-82e3-4cf7-8c58-0d84e9b21bb7/5adb3524-e961-415e-bf2b-a99477f54726_163030730.jpeg?h=225&w=225,Food Cupboard,"Cooking Sauces, Meal Kits & Sides"
251698238,Dolmio Stir In Sun Dried Tomato Pasta Sauce 150,£1.50,£1.00/100g,,,False,,False,4.8,44,False,https://www.tesco.com/groceries/en-GB/products/251698238,https://digitalcontent.api.tesco.com/v2/media/ghs/c02557da-339d-4e1b-b001-160f88ac2269/46d52a3f-e769-4919-823b-f25bee5ea590.jpeg?h=225&w=225,Food Cupboard,"Cooking Sauces, Meal Kits & Sides"
253778008,Amoy Dark Soy Sauce 150Ml,£0.99,£0.66/100ml,,,False,,False,4.7,68,False,https://www.tesco.com/groceries/en-GB/products/253778008,https://digitalcontent.api.tesco.com/v2/media/ghs/f7de3535-d1ac-4e83-a2a1-a94925cd735c/c4c27409-00a2-4d15-b611-0bc253d895d2_478334438.jpeg?h=225&w=225,Food Cupboard,"Cooking Sauces, Meal Kits & Sides"
274390549,Dolmio Stir In Pasta Sauce - Tomato & Basil 150g,£1.50,£1.00/100g,,,False,,False,4.2,5,False,https://www.tesco.com/groceries/en-GB/products/274390549,https://digitalcontent.api.tesco.com/v2/media/ghs/fa2109ae-2e3a-4a04-880b-e4a14afb058b/8b934db1-3709-42ff-acc9-a700141e84c6.jpeg?h=225&w=225,Food Cupboard,"Cooking Sauces, Meal Kits & Sides"
302304191,Loyd Grossman Bolognese Original 350G,£3.00,£0.86/100g,£1.65 Clubcard Price,(£0.47/100g),True,Offer valid for delivery from 17/03/2025 until 13/05/2025,False,4.6,43,False,https://www.tesco.com/groceries/en-GB/products/302304191,https://digitalcontent.api.tesco.com/v2/media/ghs/5d582d97-f2d3-4650-91dd-e11f8869e512/f4ec4643-3d06-4484-94fe-145ca44a0f4d_623159739.jpeg?h=225&w=225,Food Cupboard,"Cooking Sauces, Meal Kits & Sides"
314416909,Dolmio Intensify Creamy Garlic & Black Pepper Sauce 390G,£2.50,£0.64/100g,,,False,,False,4.4,98,False,https://www.tesco.com/groceries/en-GB/products/314416909,https://digitalcontent.api.tesco.com/v2/media/ghs/e57c0c1f-4df1-4f92-b252-10a622539f09/8d3bac3e-6d1a-4dca-b527-a3319cbaeae2_1871329179.jpeg?h=225&w=225,Food Cupboard,"Cooking Sauces, Meal Kits & Sides"
251475180,Schwartz Creamy Mild Peppercorn Sauce Mix 25g,£0.95,£3.80/100g,Any 4 for £2.45 Clubcard Price - Selected Schwartz Recipe Mix,,True,Offer valid for delivery from 19/02/2025 until 09/07/2025,False,4.2,26,False,https://www.tesco.com/groceries/en-GB/products/251475180,https://digitalcontent.api.tesco.com/v2/media/ghs/de35b0ab-091c-4be1-a139-6d8b963cfb72/3e1dbe63-41bd-4f80-9186-fe290c4ca176_31232998.jpeg?h=225&w=225,Food Cupboard,"Cooking Sauces, Meal Kits & Sides"
274746677,Pataks Butter Chicken Cooking Sauce 450G,£2.15,£0.48/100g,£1.50 Clubcard Price,(£0.33/100g),True,Offer valid for delivery from 27/03/2025 until 21/04/2025,False,4.8,52,False,https://www.tesco.com/groceries/en-GB/products/274746677,https://digitalcontent.api.tesco.com/v2/media/ghs/8bf53863-4f08-4f26-9f41-28e54f33a0dc/f3d4b0c0-7931-4d78-ba16-4858c0257189_1444671903.jpeg?h=225&w=225,Food Cupboard,"Cooking Sauces, Meal Kits & Sides"
253209545,Schwartz Hollandaise Sauce Mix 25g,£0.95,£3.80/100g,Any 4 for £2.45 Clubcard Price - Selected Schwartz Recipe Mix,,True,Offer valid for delivery from 19/02/2025 until 09/07/2025,False,,40,False,https://www.tesco.com/groceries/en-GB/products/253209545,https://digitalcontent.api.tesco.com/v2/media/ghs/592bdb30-768e-4c60-8cd1-9797d445dbc9/59409589-1f56-4578-a2a3-d45e70723470_110628228.jpeg?h=225&w=225,Food Cupboard,"Cooking Sauces, Meal Kits & Sides"
274739663,Pataks Medium Balti Sauce 450G,£2.15,£0.48/100g,£1.50 Clubcard Price,(£0.33/100g),True,Offer valid for delivery from 27/03/2025 until 21/04/2025,False,4.5,33,False,https://www.tesco.com/groceries/en-GB/products/274739663,https://digitalcontent.api.tesco.com/v2/media/ghs/421aaffc-ffc1-4fb5-a461-d12f1589e3eb/a9863249-c3cf-43c8-817a-1b40547c047f_1143532059.jpeg?h=225&w=225,Food Cupboard,"Cooking Sauces, Meal Kits & Sides"
274747250,Pataks Jalfrezi Cooking Sauce 450G,£2.15,£0.48/100g,£1.50 Clubcard Price,(£0.33/100g),True,Offer valid for delivery from 27/03/2025 until 21/04/2025,False,4.4,29,False,https://www.tesco.com/groceries/en-GB/products/274747250,https://digitalcontent.api.tesco.com/v2/media/ghs/a6bd0076-ec04-40f7-a6db-54c2bc6bd0b7/9fa21c4c-f50c-4003-bf8c-2786a046f7bf_1395353655.jpeg?h=225&w=225,Food Cupboard,"Cooking Sauces, Meal Kits & Sides"
250920908,Colman's Cottage Pie Recipe Mix 45G,£0.90,£2.00/100g,65p Clubcard Price,(£1.44/100g),True,Offer valid for delivery from 16/04/2025 until 10/06/2025,False,4.5,24,False,https://www.tesco.com/groceries/en-GB/products/250920908,https://digitalcontent.api.tesco.com/v2/media/ghs/d3acac0c-8ff8-4992-af14-ae1d04674655/86d72d86-7ae6-4d8f-9de2-d231a0910346_481428030.jpeg?h=225&w=225,Food Cupboard,"Cooking Sauces, Meal Kits & Sides"
268391845,Colman's Tuna Pasta Bake Recipe Mix 44G,£0.90,£2.04/100g,65p Clubcard Price,(£1.48/100g),True,Offer valid for delivery from 16/04/2025 until 10/06/2025,False,4.3,63,False,https://www.tesco.com/groceries/en-GB/products/268391845,https://digitalcontent.api.tesco.com/v2/media/ghs/d90b1afe-75d5-4c36-b19d-6e2ff5a347f1/f6822ce5-9c60-4e5c-9371-5266b8ac0970_619546245.jpeg?h=225&w=225,Food Cupboard,"Cooking Sauces, Meal Kits & Sides"
258092039,Schwartz Creamy Pepper Sauce Mix 25g,£0.95,£3.80/100g,Any 4 for £2.45 Clubcard Price - Selected Schwartz Recipe Mix,,True,Offer valid for delivery from 19/02/2025 until 09/07/2025,False,4.1,27,False,https://www.tesco.com/groceries/en-GB/products/258092039,https://digitalcontent.api.tesco.com/v2/media/ghs/532d21c8-8118-418e-97c1-fe87412d6a03/8a4cc654-e801-4b2a-952f-2e55997d748c_1170101843.jpeg?h=225&w=225,Food Cupboard,"Cooking Sauces, Meal Kits & Sides"
295871790,Blue Dragon Chow Mein Stir Fry Sauce 120G,£0.95,£0.79/100g,70p Save 25% Clubcard Price,(£0.58/100g),True,Offer valid for delivery from 31/03/2025 until 21/04/2025,False,4.1,30,False,https://www.tesco.com/groceries/en-GB/products/295871790,https://digitalcontent.api.tesco.com/v2/media/ghs/33a53eb3-3464-48eb-9ec9-d10b8930a07f/0ac31e2f-5890-475b-a843-db4439d4eccb_1172152186.jpeg?h=225&w=225,Food Cupboard,"Cooking Sauces, Meal Kits & Sides"
295871818,Blue Dragon Sweet Chilli & Garlic Stir Fry Sauce 120G,£0.95,£0.79/100g,70p Save 25% Clubcard Price,(£0.58/100g),True,Offer valid for delivery from 29/03/2025 until 21/04/2025,False,4.8,37,False,https://www.tesco.com/groceries/en-GB/products/295871818,https://digitalcontent.api.tesco.com/v2/media/ghs/2c41cee8-bb23-419f-a753-a19925f4616f/54797149-53dd-49de-a06f-ca13ff80f551_1808338155.jpeg?h=225&w=225,Food Cupboard,"Cooking Sauces, Meal Kits & Sides"
297372421,Tesco Free From Green Pesto 190G,£1.10,£0.58/100g,,,False,,False,4.2,32,False,https://www.tesco.com/groceries/en-GB/products/297372421,https://digitalcontent.api.tesco.com/v2/media/ghs/ea75daca-833e-4298-9071-3d694aaeb9aa/17243430-7eb6-4e76-90f5-a70e66f90579_633262041.jpeg?h=225&w=225,Food Cupboard,"Cooking Sauces, Meal Kits & Sides"
274111484,Tesco Reduced Fat Green Pesto 190G,£0.99,£0.52/100g,,,False,,False,3.8,37,False,https://www.tesco.com/groceries/en-GB/products/274111484,https://digitalcontent.api.tesco.com/v2/media/ghs/b4cba683-9143-4028-b905-43c3e30cbba5/110cdd1b-3b3b-4868-8f9a-fb9eaad80887_2071006707.jpeg?h=225&w=225,Food Cupboard,"Cooking Sauces, Meal Kits & Sides"
314703247,Schwartz The Real greek Chicken gyros Wrap Recipe Mix 20g,£1.10,£5.50/100g,Any 4 for £2.45 Clubcard Price - Selected Schwartz Recipe Mix,,True,Offer valid for delivery from 19/02/2025 until 09/07/2025,False,4.9,17,False,https://www.tesco.com/groceries/en-GB/products/314703247,https://digitalcontent.api.tesco.com/v2/media/ghs/a01b1500-e670-4a07-95d9-d0f781506814/f666591f-47cd-426f-a873-7c6f84dce0ee_1178392549.jpeg?h=225&w=225,Food Cupboard,"Cooking Sauces, Meal Kits & Sides"
277466018,Tesco Sweet & Sour Sauce 510G,£1.20,£0.24/100g,,,False,,False,3.6,61,False,https://www.tesco.com/groceries/en-GB/products/277466018,https://digitalcontent.api.tesco.com/v2/media/ghs/b5abfeb4-1c46-43bc-b17c-63d2aa109a03/6e67c4e6-1463-4de3-9ff8-3a5a26d7e03f_584996372.jpeg?h=225&w=225,Food Cupboard,"Cooking Sauces, Meal Kits & Sides"
314418147,Schwartz Las Iquanas Honey Chilli Chicken 35G,£1.10,£3.14/100g,Any 4 for £2.45 Clubcard Price - Selected Schwartz Recipe Mix,,True,Offer valid for delivery from 19/02/2025 until 09/07/2025,False,4.9,16,False,https://www.tesco.com/groceries/en-GB/products/314418147,https://digitalcontent.api.tesco.com/v2/media/ghs/ceccdf4b-68c9-4438-9071-7fe73f43d552/82903bff-e9fc-4f19-bbb0-93794e59a543_1197302900.jpeg?h=225&w=225,Food Cupboard,"Cooking Sauces, Meal Kits & Sides"
314699965,Schwartz Las Iguanas Bahian Coconut Curry Recipe Mix 25g,£1.10,£4.40/100g,Any 4 for £2.45 Clubcard Price - Selected Schwartz Recipe Mix,,True,Offer valid for delivery from 19/02/2025 until 09/07/2025,False,4.7,31,False,https://www.tesco.com/groceries/en-GB/products/314699965,https://digitalcontent.api.tesco.com/v2/media/ghs/eee92fa8-d4ba-4d4a-83bd-18f21f2e92ee/91bbec94-d014-4588-94c2-6b06005eec0e_1481873599.jpeg?h=225&w=225,Food Cupboard,"Cooking Sauces, Meal Kits & Sides"
289376515,Tesco Reduced Fat Red Pesto 190G,,,,,False,,False,4.6,50,False,https://www.tesco.com/groceries/en-GB/products/289376515,https://digitalcontent.api.tesco.com/v2/media/ghs/99ca6ed4-2134-4dc1-87f0-ee348f0bbcf9/b4eaa244-c98a-404d-a409-0b8644a03fbd_782795811.jpeg?h=225&w=225,Food Cupboard,"Cooking Sauces, Meal Kits & Sides"
275477434,Tesco Mild Chilli Sauce 500G,£1.20,£0.24/100g,,,False,,False,,47,False,https://www.tesco.com/groceries/en-GB/products/275477434,https://digitalcontent.api.tesco.com/v2/media/ghs/8df83aa5-2714-4fb1-bd6b-5cec808c6a3b/e0677627-2acf-4272-8cc4-302f3ccdf31f_1525247251.jpeg?h=225&w=225,Food Cupboard,"Cooking Sauces, Meal Kits & Sides"
297484916,Tesco No Added Sugar Bolognese Pasta Sauce 500G,£0.69,£0.14/100g,,,False,,False,4.5,57,False,https://www.tesco.com/groceries/en-GB/products/297484916,https://digitalcontent.api.tesco.com/v2/media/ghs/24c75f32-4565-41ab-9643-248a382ca89c/fb077de8-6a8a-45a3-a549-2cf0689e650f_33330500.jpeg?h=225&w=225,Food Cupboard,"Cooking Sauces, Meal Kits & Sides"
268579912,Tesco Tomato & Chilli Pasta Sauce 500G,£0.69,£0.14/100g,,,False,,False,4.4,50,False,https://www.tesco.com/groceries/en-GB/products/268579912,https://digitalcontent.api.tesco.com/v2/media/ghs/fc7e5519-cc6c-4fb7-9ebe-9e66d11869df/a993c724-fffa-4697-b9c5-2c4e5b2ae058_845066266.jpeg?h=225&w=225,Food Cupboard,"Cooking Sauces, Meal Kits & Sides"
257798116,Tesco Onion & Garlic Pasta Sauce 500G,£0.69,£0.14/100g,,,False,,False,4.6,147,False,https://www.tesco.com/groceries/en-GB/products/257798116,https://digitalcontent.api.tesco.com/v2/media/ghs/f8fafbf1-3395-4276-a940-e96e3bd5b82a/a6e6c5bb-e4d8-4353-b6a4-8dc460a7ed00_109849272.jpeg?h=225&w=225,Food Cupboard,"Cooking Sauces, Meal Kits & Sides"
305255174,Tesco Carbonara Sauce 340G,£0.65,£0.19/100g,,,False,,False,4.4,74,False,https://www.tesco.com/groceries/en-GB/products/305255174,https://digitalcontent.api.tesco.com/v2/media/ghs-mktg/b0b04216-fa73-466d-a9d7-c9fcfa1ce9b3/no-image.jpeg,Food Cupboard,"Cooking Sauces, Meal Kits & Sides"
314701998,Patak's Butter Chicken Curry Kit 270G,£3.00,£11.11/kg,,,False,,False,,,False,https://www.tesco.com/groceries/en-GB/products/314701998,https://digitalcontent.api.tesco.com/v2/media/ghs/9aa931cb-502a-4161-8307-3ec9ded8b1fa/4483a261-54f9-42f0-bc89-23d8c67ac2d7_572838904.jpeg?h=225&w=225,Food Cupboard,"Cooking Sauces, Meal Kits & Sides"
314600927,Patak's Korma Curry Meal Kit 270g,£3.00,£11.11/kg,,,False,,False,,,False,https://www.tesco.com/groceries/en-GB/products/314600927,https://digitalcontent.api.tesco.com/v2/media/ghs/1e7b07e2-f6de-4066-b2db-18672892c96a/246da87f-981a-4d5f-8f19-7fba643a3b24_890961664.jpeg?h=225&w=225,Food Cupboard,"Cooking Sauces, Meal Kits & Sides"
314847330,Patak's Tikka Masala Rich & Creamy Meal Kit 270G,£3.00,£11.11/kg,,,False,,False,2.4,5,False,https://www.tesco.com/groceries/en-GB/products/314847330,https://digitalcontent.api.tesco.com/v2/media/ghs/49d14bea-b698-44e9-97e0-f2761322346a/80996fff-83d5-4eef-9b84-c25c74bbddf4_538601655.jpeg?h=225&w=225,Food Cupboard,"Cooking Sauces, Meal Kits & Sides"
267073786,Old El Paso Extra Mild Fajita Dinner Kit 476G,£3.80,£0.01/kg,,,False,,False,4.6,47,False,https://www.tesco.com/groceries/en-GB/products/267073786,https://digitalcontent.api.tesco.com/v2/media/ghs/b19d2e56-e09f-4dd6-9634-b968128ed0e3/e48cedaa-57ac-424e-ae50-f4889e4fce91_34032288.jpeg?h=225&w=225,Food Cupboard,"Cooking Sauces, Meal Kits & Sides"
309172305,Bens Original Sweet & Sour Extra Pineapple Sauce 450G,£2.50,£0.56/100g,£2.00 Clubcard Price,(£0.44/100g),True,Offer valid for delivery from 16/04/2025 until 13/05/2025,False,4.5,8,False,https://www.tesco.com/groceries/en-GB/products/309172305,https://digitalcontent.api.tesco.com/v2/media/ghs/99e61953-dfeb-400a-b92b-649765f7c6b8/2b25c4fd-2b23-48d2-8ab7-864334a772fd_1499657232.jpeg?h=225&w=225,Food Cupboard,"Cooking Sauces, Meal Kits & Sides"
252486194,Blue Dragon Coconut Milk 400Ml,£2.30,£5.75/litre,£1.75 Clubcard Price,(£4.38/litre),True,Offer valid for delivery from 31/03/2025 until 21/04/2025,False,2.4,8,False,https://www.tesco.com/groceries/en-GB/products/252486194,https://digitalcontent.api.tesco.com/v2/media/ghs/e4266d3b-e9ae-4dbb-9127-5c280fc6a9a2/50ee95ea-92ad-46eb-a39e-3f4d2b0f5d0d_1309983596.jpeg?h=225&w=225,Food Cupboard,"Cooking Sauces, Meal Kits & Sides"
257413982,Geeta's Mango Chutney 320G,£2.40,£0.75/100g,£1.75 Clubcard Price,(£0.55/100g),True,Offer valid for delivery from 16/04/2025 until 13/05/2025,False,4.6,104,False,https://www.tesco.com/groceries/en-GB/products/257413982,https://digitalcontent.api.tesco.com/v2/media/ghs/1d73c9ad-9ac7-4c40-b4af-35ce7eaa3de1/cbc393a3-df41-4163-a7a4-83c15a627d1f_295265546.jpeg?h=225&w=225,Food Cupboard,"Cooking Sauces, Meal Kits & Sides"
272730071,Cook Italia Grated Hard Cheese 50G,£1.70,£34.00/kg,,,False,,False,3.3,9,False,https://www.tesco.com/groceries/en-GB/products/272730071,https://digitalcontent.api.tesco.com/v2/media/ghs/1406742e-f3cd-4d37-aa97-5996af2385ce/696c0068-4f93-4c09-a115-ebf7e1124640_1136333592.jpeg?h=225&w=225,Food Cupboard,"Cooking Sauces, Meal Kits & Sides"
265434242,Old El Paso Cheesy Baked Enchilada Kit 663G,£3.80,£5.73/kg,,,False,,False,4.5,48,False,https://www.tesco.com/groceries/en-GB/products/265434242,https://digitalcontent.api.tesco.com/v2/media/ghs/530299ec-2cf9-4560-9249-55d60aa377c1/4af0da2e-5aef-4616-b134-da06d2a77e44_1320455881.jpeg?h=225&w=225,Food Cupboard,"Cooking Sauces, Meal Kits & Sides"
301517597,Homepride Pasta Bake - Cheese & Bacon 485g,£2.50,£0.52/100g,,,False,,False,4.2,47,False,https://www.tesco.com/groceries/en-GB/products/301517597,https://digitalcontent.api.tesco.com/v2/media/ghs/45e72461-e3ba-42a8-86f5-b7e904160d67/27a422c9-d36c-49cd-bb64-6d428c22c52e_1482846650.jpeg?h=225&w=225,Food Cupboard,"Cooking Sauces, Meal Kits & Sides"
301517637,Homepride Creamy Tuna Pasta Bake 485g,£2.50,£0.52/100g,,,False,,False,4.5,45,False,https://www.tesco.com/groceries/en-GB/products/301517637,https://digitalcontent.api.tesco.com/v2/media/ghs/57764cfb-2c76-4b13-9ce6-f70b171dc693/e4b9b47e-dac7-49f7-b1ec-fcfbbc9a262e_2086559732.jpeg?h=225&w=225,Food Cupboard,"Cooking Sauces, Meal Kits & Sides"
315067208,Old El Paso Extra Thin Large Tortillas 192g,£2.15,£1.12/100g,,,False,,False,4.3,41,False,https://www.tesco.com/groceries/en-GB/products/315067208,https://digitalcontent.api.tesco.com/v2/media/ghs/d060f182-3990-44af-af41-2df66f68348f/1a0ccf0d-8c84-4359-aa3f-3d7e275962d8_2112402091.jpeg?h=225&w=225,Food Cupboard,"Cooking Sauces, Meal Kits & Sides"
252355211,Pataks Tikka Masala Medium Paste 283G,£3.25,£1.15/100g,£2.50 Clubcard Price,(£0.88/100g),True,Offer valid for delivery from 27/03/2025 until 21/04/2025,False,4.6,58,False,https://www.tesco.com/groceries/en-GB/products/252355211,https://digitalcontent.api.tesco.com/v2/media/ghs/eb3397f5-d233-4485-a16e-ae574b58d9c7/c0aaec39-ca41-47c9-9a56-8c527c8911c2_1480202046.jpeg?h=225&w=225,Food Cupboard,"Cooking Sauces, Meal Kits & Sides"
283052424,Tesco Goodness Pasta Sauce 200G,£1.30,£0.65/100g,,,False,,False,,19,False,https://www.tesco.com/groceries/en-GB/products/283052424,https://digitalcontent.api.tesco.com/v2/media/ghs/88930ccd-815b-43e8-b36e-be6882b1dc60/c7a3c2da-4263-4f91-93d6-4da0e78fc6a3_970289202.jpeg?h=225&w=225,Food Cupboard,"Cooking Sauces, Meal Kits & Sides"
272374929,Tesco Coconut Cream 160Ml,£1.25,£7.81/litre,,,False,,False,3.3,17,False,https://www.tesco.com/groceries/en-GB/products/272374929,https://digitalcontent.api.tesco.com/v2/media/ghs/607d274b-b784-4f69-8b01-d43bc22a4bc4/28dc7b94-8455-416a-82ab-e50a4e0dcd7b_76884594.jpeg?h=225&w=225,Food Cupboard,"Cooking Sauces, Meal Kits & Sides"
297237749,Tesco Crunchy Taco Shells 12 Pack 150g,£1.80,£1.20/100g,,,False,,False,3.2,13,False,https://www.tesco.com/groceries/en-GB/products/297237749,https://digitalcontent.api.tesco.com/v2/media/ghs/9016c47a-a317-4487-a11d-5932ada58a1f/bd09ff90-dd59-43ff-b3fd-9c555a91de45_251534641.jpeg?h=225&w=225,Food Cupboard,"Cooking Sauces, Meal Kits & Sides"
292761406,Tesco Corn Tortillas X8 320G,£1.40,£0.44/100g,,,False,,False,1.8,37,False,https://www.tesco.com/groceries/en-GB/products/292761406,https://digitalcontent.api.tesco.com/v2/media/ghs/893ea41f-2556-430b-ab15-446f758b242c/b00ce48c-26c4-488b-bf47-39897972858d_479142690.jpeg?h=225&w=225,Food Cupboard,"Cooking Sauces, Meal Kits & Sides"
292761746,Tesco Mini Plain Tortillas X10 300G,,,,,False,,False,4.2,11,False,https://www.tesco.com/groceries/en-GB/products/292761746,https://digitalcontent.api.tesco.com/v2/media/ghs/1b6adc53-e5dd-46f5-8e42-74f92dc4737a/931e7b75-0cf3-4b24-b338-09c19682e732_1482888622.jpeg?h=225&w=225,Food Cupboard,"Cooking Sauces, Meal Kits & Sides"
301324099,Loyd Grossman No Added Sugar Tomato & Basil Sauce 350G,£3.00,£0.86/100g,£1.65 Clubcard Price,(£0.47/100g),True,Offer valid for delivery from 17/03/2025 until 13/05/2025,False,4.1,35,False,https://www.tesco.com/groceries/en-GB/products/301324099,https://digitalcontent.api.tesco.com/v2/media/ghs/9bb2553c-d00e-4271-b70b-dfc907d4e3f0/df48a4e9-f842-4dd6-86c5-74a8c1574d17_564728743.jpeg?h=225&w=225,Food Cupboard,"Cooking Sauces, Meal Kits & Sides"
287740928,Old El Paso Garlic & Paprika Taco Seasoning Mix 25G,£1.25,£5.00/100g,£1.00 Clubcard Price,(£4.00/100g),True,Offer valid for delivery from 16/04/2025 until 13/05/2025,False,,1,False,https://www.tesco.com/groceries/en-GB/products/287740928,https://digitalcontent.api.tesco.com/v2/media/ghs/a3f25233-780c-4098-a845-17838f251b0c/4e6a19d0-1910-4e12-a917-809209236a6f_2034557752.jpeg?h=225&w=225,Food Cupboard,"Cooking Sauces, Meal Kits & Sides"
265431873,Old El Paso Tomato & Pepper Fajita Seasoning Mix 30G,£1.25,£4.17/100g,£1.00 Clubcard Price,(£3.33/100g),True,Offer valid for delivery from 16/04/2025 until 13/05/2025,False,4.7,3,False,https://www.tesco.com/groceries/en-GB/products/265431873,https://digitalcontent.api.tesco.com/v2/media/ghs/11111b1e-221e-4e01-9724-d5f045691df2/c4b4f9c4-3e37-402e-96a0-30e46735679b_508221343.jpeg?h=225&w=225,Food Cupboard,"Cooking Sauces, Meal Kits & Sides"
305252505,Thai Dragon Sriracha Hot Chilli Sauce 455Ml,£2.50,£0.55/100ml,,,False,,False,3.1,35,False,https://www.tesco.com/groceries/en-GB/products/305252505,https://digitalcontent.api.tesco.com/v2/media/ghs/ade3e5af-692e-4e9e-8306-b688607611cb/aa4fca83-3aab-4129-8680-fe9d6f17db6e_2124931393.jpeg?h=225&w=225,Food Cupboard,"Cooking Sauces, Meal Kits & Sides"
251975884,Old El Paso Chilli Con Carne Seasoning Mix 39G,£1.25,£3.20/100g,£1.00 Clubcard Price,(£2.56/100g),True,Offer valid for delivery from 16/04/2025 until 13/05/2025,False,4.6,96,False,https://www.tesco.com/groceries/en-GB/products/251975884,https://digitalcontent.api.tesco.com/v2/media/ghs/1f983981-5b06-4db5-bfd4-3c40cc5d86f3/c8da697a-fc4a-4503-8c45-e92edfd81c93_1557003895.jpeg?h=225&w=225,Food Cupboard,"Cooking Sauces, Meal Kits & Sides"
293258857,Tiger Tiger Udon Japanese Style Noodles 400G,£1.50,£3.75/kg,,,False,,False,,8,False,https://www.tesco.com/groceries/en-GB/products/293258857,https://digitalcontent.api.tesco.com/v2/media/ghs/fea42eed-78c1-48cf-9551-6dbf68498f39/2e225488-5bd9-45a9-859c-8a28a626d1ff_659478434.jpeg?h=225&w=225,Food Cupboard,"Cooking Sauces, Meal Kits & Sides"
268486706,Loyd Grossman Tikka Masala Sauce 350G,£3.00,£0.86/100g,£1.75 Clubcard Price,(£0.50/100g),True,Offer valid for delivery from 03/04/2025 until 29/04/2025,False,4.4,47,False,https://www.tesco.com/groceries/en-GB/products/268486706,https://digitalcontent.api.tesco.com/v2/media/ghs/5c3b378c-69c5-437e-bb12-175ec4207067/ba6524c9-adc8-401f-9a50-1778373cca5c_292981697.jpeg?h=225&w=225,Food Cupboard,"Cooking Sauces, Meal Kits & Sides"
252990458,Tesco Finest Sun Dried Tomato Garlic & Basil Sauce 340G,£2.00,£0.59/100g,,,False,,False,3.8,36,False,https://www.tesco.com/groceries/en-GB/products/252990458,https://digitalcontent.api.tesco.com/v2/media/ghs/e0b9b038-6552-48ed-bc85-206ae3d056b3/6e87253c-294a-44df-a925-99edc7586c54_1667709693.jpeg?h=225&w=225,Food Cupboard,"Cooking Sauces, Meal Kits & Sides"
277064603,Kingfisher Sliced Water Chestnuts 225G,£1.15,£0.51/100g,,,False,,False,4.9,11,False,https://www.tesco.com/groceries/en-GB/products/277064603,https://digitalcontent.api.tesco.com/v2/media/ghs/dd4483b1-3ce0-4fb5-a7f4-9069a42b2b16/7c021305-6775-481c-8036-9c871569f589_393167056.jpeg?h=225&w=225,Food Cupboard,"Cooking Sauces, Meal Kits & Sides"
314949019,Pott's Tikka Masala Cooking Sauce 330G,£2.00,£0.61/100g,,,False,,False,3.8,6,False,https://www.tesco.com/groceries/en-GB/products/314949019,https://digitalcontent.api.tesco.com/v2/media/ghs/ef6637e6-1708-4483-81b3-38c351405187/241ca9db-cd8b-487d-b57d-4afa983725a4_184214185.jpeg?h=225&w=225,Food Cupboard,"Cooking Sauces, Meal Kits & Sides"
314426310,Pott's Keralan Curry Cooking Sauce 330G,£2.00,£0.61/100g,,,False,,False,4.6,8,False,https://www.tesco.com/groceries/en-GB/products/314426310,https://digitalcontent.api.tesco.com/v2/media/ghs/05b7e936-780c-4e02-bc33-892fbc6875e6/60db5e8f-3639-4a71-afdd-400fb3716f1f_1487973807.jpeg?h=225&w=225,Food Cupboard,"Cooking Sauces, Meal Kits & Sides"
253778141,Amoy Light Soy Sauce 150Ml,£0.99,£0.66/100ml,,,False,,False,4.6,47,False,https://www.tesco.com/groceries/en-GB/products/253778141,https://digitalcontent.api.tesco.com/v2/media/ghs/2af2c322-80f0-4143-9291-16b111819f62/3471c9f9-d52e-4caa-a8ff-c4ad259e705c_1927348316.jpeg?h=225&w=225,Food Cupboard,"Cooking Sauces, Meal Kits & Sides"
274747676,Pataks Madras Sauce 450G,£2.15,£0.48/100g,£1.50 Clubcard Price,(£0.33/100g),True,Offer valid for delivery from 27/03/2025 until 21/04/2025,False,3.9,29,False,https://www.tesco.com/groceries/en-GB/products/274747676,https://digitalcontent.api.tesco.com/v2/media/ghs/320b5e8a-624e-47ac-954a-5af64165a5c5/05d5fd98-e9a7-4b78-bfef-d7ffecdc4465_1000146707.jpeg?h=225&w=225,Food Cupboard,"Cooking Sauces, Meal Kits & Sides"
303126912,Blue Dragon Teriyaki Stir Fry Sauce 120G,£0.95,£0.79/100g,70p Save 25% Clubcard Price,(£0.58/100g),True,Offer valid for delivery from 31/03/2025 until 21/04/2025,False,4.5,29,False,https://www.tesco.com/groceries/en-GB/products/303126912,https://digitalcontent.api.tesco.com/v2/media/ghs/8c83dbdc-47e0-4317-b0b5-52d6b4bb590c/93806f55-374f-470c-b165-ac49410381ad_108545512.jpeg?h=225&w=225,Food Cupboard,"Cooking Sauces, Meal Kits & Sides"
308109574,Blue Dragon Hoisin & Garlic Stir Fry Sauce 120G,£0.95,£0.79/100g,70p Save 25% Clubcard Price,(£0.58/100g),True,Offer valid for delivery from 31/03/2025 until 21/04/2025,False,4.8,30,False,https://www.tesco.com/groceries/en-GB/products/308109574,https://digitalcontent.api.tesco.com/v2/media/ghs/a8fabcb2-ad81-4776-a749-7422a1fd88bf/a6f5f913-7b36-454d-9cf9-daaa04d1e29d_474305985.jpeg?h=225&w=225,Food Cupboard,"Cooking Sauces, Meal Kits & Sides"
295871732,Blue Dragon Sweet & Sour Stir Fry Sauce 120G,£0.95,£0.79/100g,70p Save 25% Clubcard Price,(£0.58/100g),True,Offer valid for delivery from 31/03/2025 until 21/04/2025,False,4.5,26,False,https://www.tesco.com/groceries/en-GB/products/295871732,https://digitalcontent.api.tesco.com/v2/media/ghs/466f6b42-ab59-4576-a331-2d5d5f47ac4d/ada4a775-511c-4806-94bf-55cebb83e3ab_97562864.jpeg?h=225&w=225,Food Cupboard,"Cooking Sauces, Meal Kits & Sides"
295871778,Blue Dragon Black Bean Stir Fry Sauce 120G,£0.95,£0.79/100g,70p Save 25% Clubcard Price,(£0.58/100g),True,Offer valid for delivery from 31/03/2025 until 21/04/2025,False,4.1,35,False,https://www.tesco.com/groceries/en-GB/products/295871778,https://digitalcontent.api.tesco.com/v2/media/ghs/e683d746-848a-4b82-943e-a930dfa3baeb/e97598cf-1e68-408e-8070-5a9b3cdfcf46_11310952.jpeg?h=225&w=225,Food Cupboard,"Cooking Sauces, Meal Kits & Sides"
300809651,Tesco Free From Red Pesto 190G,£1.10,£0.58/100g,,,False,,False,4.4,29,False,https://www.tesco.com/groceries/en-GB/products/300809651,https://digitalcontent.api.tesco.com/v2/media/ghs/219920c1-cdc5-4386-9059-71f2bb2649de/4c107c94-7d76-4caa-a2fd-f6a94557586e_92088199.jpeg?h=225&w=225,Food Cupboard,"Cooking Sauces, Meal Kits & Sides"
272656441,Tesco Thai Inspired Crackers 60G,£0.85,£1.42/100g,,,False,,False,4.3,36,False,https://www.tesco.com/groceries/en-GB/products/272656441,https://digitalcontent.api.tesco.com/v2/media/ghs/f5571ed1-09aa-4317-98da-f6a171735d45/786c73e2-21f2-48e0-be73-8421b27201d8_1806944058.jpeg?h=225&w=225,Food Cupboard,"Cooking Sauces, Meal Kits & Sides"
262600897,Tesco Finest Tomato Mascarpone Pasta Sauce 340G,£2.00,£0.59/100g,,,False,,False,,29,False,https://www.tesco.com/groceries/en-GB/products/262600897,https://digitalcontent.api.tesco.com/v2/media/ghs/6da51104-6846-4e43-81c2-b6bff0ec9537/519b5927-3153-4c5c-8ba1-46ccf1c0b917_1565856395.jpeg?h=225&w=225,Food Cupboard,"Cooking Sauces, Meal Kits & Sides"
302420398,Tesco Enchilada Kit 650G,£1.75,£2.69/kg,,,False,,False,4.7,42,False,https://www.tesco.com/groceries/en-GB/products/302420398,https://digitalcontent.api.tesco.com/v2/media/ghs/1ddc9599-de8a-4c3d-929b-5390816057e9/32db9b38-4538-421d-8727-3f0238450b83_1805385020.jpeg?h=225&w=225,Food Cupboard,"Cooking Sauces, Meal Kits & Sides"
272492363,Tesco Sour Cream Topping 280G,£1.50,£0.54/100g,,,False,,False,,28,False,https://www.tesco.com/groceries/en-GB/products/272492363,https://digitalcontent.api.tesco.com/v2/media/ghs/87679546-5772-41a2-9bf8-b838100206ca/0cf42d27-dc67-43f2-bb71-44a523455c8e_923504759.jpeg?h=225&w=225,Food Cupboard,"Cooking Sauces, Meal Kits & Sides"
275476580,Tesco Hot Chilli Sauce 500G,£1.20,£0.24/100g,,,False,,False,3.8,46,False,https://www.tesco.com/groceries/en-GB/products/275476580,https://digitalcontent.api.tesco.com/v2/media/ghs/9180ef10-c4e1-4ada-a7fc-26ecb7df1525/357dbb9a-bee1-407e-8541-8efdb3975aed_1051631836.jpeg?h=225&w=225,Food Cupboard,"Cooking Sauces, Meal Kits & Sides"
300594851,Hearty Food Co. Sweet & Sour Sauce 440G,£0.87,£0.20/100g,,,False,,False,3.6,53,False,https://www.tesco.com/groceries/en-GB/products/300594851,https://digitalcontent.api.tesco.com/v2/media/ghs/0fc1caa5-f69c-4720-bd89-f1b83304e7c8/4dfcd39b-cad1-45f6-9569-be3fd396004e_529282057.jpeg?h=225&w=225,Food Cupboard,"Cooking Sauces, Meal Kits & Sides"
294781241,Tesco Reduced Salt Soy Sauce 150Ml,£0.60,£0.40/100ml,,,False,,False,,26,False,https://www.tesco.com/groceries/en-GB/products/294781241,https://digitalcontent.api.tesco.com/v2/media/ghs/1623a657-c645-42fc-bddc-1bad5a819793/df3e4b11-31e2-4516-b437-1d82665069a9_204630653.jpeg?h=225&w=225,Food Cupboard,"Cooking Sauces, Meal Kits & Sides"
268509962,Tesco Butter Chicken Cooking Sauce 500G,£0.99,£0.20/100g,,,False,,False,2.3,35,False,https://www.tesco.com/groceries/en-GB/products/268509962,https://digitalcontent.api.tesco.com/v2/media/ghs/fd7f7b33-6d62-40b5-a82a-3a6bf5dfcc60/b39a106d-7444-4e65-863c-3555a477e92e_2143426767.jpeg?h=225&w=225,Food Cupboard,"Cooking Sauces, Meal Kits & Sides"
297484939,Tesco No Added Sugar Chunky Veg Pasta Sauce 500g,£0.69,£0.14/100g,,,False,,False,4.2,28,False,https://www.tesco.com/groceries/en-GB/products/297484939,https://digitalcontent.api.tesco.com/v2/media/ghs/4782cc0c-6c80-43c5-86b3-8d861d617c9d/d4ec5398-7caa-4b84-8f6f-fe6888bb7134_409305729.jpeg?h=225&w=225,Food Cupboard,"Cooking Sauces, Meal Kits & Sides"
257745197,Tesco Mushroom Pasta Sauce 500G,£0.69,£0.14/100g,,,False,,False,,33,False,https://www.tesco.com/groceries/en-GB/products/257745197,https://digitalcontent.api.tesco.com/v2/media/ghs/054d3c68-af0d-4f88-b0a1-657a7edc1188/d66acf19-eb08-4cab-8176-298db7e4d7a6_1645862458.jpeg?h=225&w=225,Food Cupboard,"Cooking Sauces, Meal Kits & Sides"
283085978,Homepride Curry Can 400G,£2.80,£0.70/100g,,,False,,False,4.5,46,False,https://www.tesco.com/groceries/en-GB/products/283085978,https://digitalcontent.api.tesco.com/v2/media/ghs/d6617ff5-6eec-4272-948e-b4532c8307be/02452488-20df-47ea-9d29-6c7a6f20edad_2033211394.jpeg?h=225&w=225,Food Cupboard,"Cooking Sauces, Meal Kits & Sides"
253836073,Old El Paso Refried Beans 435G,£2.40,£0.55/100g,,,False,,False,4.6,10,False,https://www.tesco.com/groceries/en-GB/products/253836073,https://digitalcontent.api.tesco.com/v2/media/ghs/d04a1bd6-1eca-4795-89e4-d819e8959cdf/aca0429d-1958-4d9f-81f5-d05964959a26_963180858.jpeg?h=225&w=225,Food Cupboard,"Cooking Sauces, Meal Kits & Sides"
289661172,Tesco Sweet Chilli Dipping Sauce 290G,£2.25,£0.78/100g,,,False,,False,3.4,14,False,https://www.tesco.com/groceries/en-GB/products/289661172,https://digitalcontent.api.tesco.com/v2/media/ghs/6999e7f2-a044-43b6-ba90-07d63ef3bcd9/1faec24e-fb95-40bb-9e34-d18b010cd2e0_1867951284.jpeg?h=225&w=225,Food Cupboard,"Cooking Sauces, Meal Kits & Sides"
289661241,Tesco Hoisin Dipping Sauce 290G,£2.25,£0.78/100g,,,False,,False,3.2,30,False,https://www.tesco.com/groceries/en-GB/products/289661241,https://digitalcontent.api.tesco.com/v2/media/ghs/82636977-0d0e-432e-8ee2-b28888622060/5dec02d8-d7d7-44df-860c-bbb1363caee6_1130333438.jpeg?h=225&w=225,Food Cupboard,"Cooking Sauces, Meal Kits & Sides"
301554009,Tesco Tahini 300G,,,,,False,,False,,17,False,https://www.tesco.com/groceries/en-GB/products/301554009,https://digitalcontent.api.tesco.com/v2/media/ghs/1ccdd054-0152-465e-a7b1-01f03a41d7a7/5ea4ecc9-e4e1-4217-a528-adf1bfa920c8_341606668.jpeg?h=225&w=225,Food Cupboard,"Cooking Sauces, Meal Kits & Sides"
283713806,Mutti Pizza Sauce 400G,£2.25,£0.56/100g,,,False,,False,4.9,11,False,https://www.tesco.com/groceries/en-GB/products/283713806,https://digitalcontent.api.tesco.com/v2/media/ghs/3be0727b-4c74-4219-ab0c-0e64fd268ca9/efffd90f-cc0b-4c40-85d6-48fc7e847931_1043850379.jpeg?h=225&w=225,Food Cupboard,"Cooking Sauces, Meal Kits & Sides"
276783813,Kikkoman Tamari Gluten Free Soy Sauce 250Ml,£3.00,£1.20/100ml,,,False,,False,4.5,20,False,https://www.tesco.com/groceries/en-GB/products/276783813,https://digitalcontent.api.tesco.com/v2/media/ghs/b81b2604-474a-4948-9e50-0c299a007fad/2b3e5963-69a0-438d-858c-892d3e0e23ff_1274570308.jpeg?h=225&w=225,Food Cupboard,"Cooking Sauces, Meal Kits & Sides"
301227329,Old El Paso Gluten Free Tortillas 216g,£3.00,£1.39/100g,,,False,,False,4.3,43,False,https://www.tesco.com/groceries/en-GB/products/301227329,https://digitalcontent.api.tesco.com/v2/media/ghs/4eb97f05-f0c5-4978-985f-830af7082e13/e5b1aaaf-df94-42ff-a997-986bea4c588b_1001609810.jpeg?h=225&w=225,Food Cupboard,"Cooking Sauces, Meal Kits & Sides"
283522139,Old El Paso Stand ‘N’ Stuff Soft Flour Tortillas 8Pk 193G,£2.50,£1.30/100g,,,False,,False,3.7,3,False,https://www.tesco.com/groceries/en-GB/products/283522139,https://digitalcontent.api.tesco.com/v2/media/ghs/adefd4d4-f619-4f88-bd1d-efa8b6065975/ffd3e5a1-5367-4b6a-9401-ef0d4a61fbac_1519279872.jpeg?h=225&w=225,Food Cupboard,"Cooking Sauces, Meal Kits & Sides"
307742118,Tesco Raita Dip 190G,£1.90,£1.00/100g,,,False,,False,4.2,30,False,https://www.tesco.com/groceries/en-GB/products/307742118,https://digitalcontent.api.tesco.com/v2/media/ghs/519e5df9-4750-4350-8864-5240b448b338/1bb7bbf9-d7c9-4187-a743-6444da4e2eea_1777731678.jpeg?h=225&w=225,Food Cupboard,"Cooking Sauces, Meal Kits & Sides"
256138641,Sacla Sun Dried Tom Pesto 190G,£3.35,£1.76/100g,£1.95 Clubcard Price,(£1.03/100g),True,Offer valid for delivery from 31/03/2025 until 29/04/2025,False,,5,False,https://www.tesco.com/groceries/en-GB/products/256138641,https://digitalcontent.api.tesco.com/v2/media/ghs/1ae93c3c-6f05-44e1-85b2-883c03e4466a/a9994aa4-f2b1-4288-9d73-774e749ef42b_1750102372.jpeg?h=225&w=225,Food Cupboard,"Cooking Sauces, Meal Kits & Sides"
309766565,Homepride No Added Sugar Tomato & Herb Pasta Bake 485G,£2.50,£0.52/100g,,,False,,False,4.7,35,False,https://www.tesco.com/groceries/en-GB/products/309766565,https://digitalcontent.api.tesco.com/v2/media/ghs/14dcd9b7-eaaa-4c89-8ded-a868cf60b7c5/1d926dfb-5dc7-4f66-9b6a-d9fc21a880da_989592936.jpeg?h=225&w=225,Food Cupboard,"Cooking Sauces, Meal Kits & Sides"
303850307,Old El Paso Original Cheesy Baked Nacho Kit 505G,£3.80,£7.52/kg,,,False,,False,4.1,45,False,https://www.tesco.com/groceries/en-GB/products/303850307,https://digitalcontent.api.tesco.com/v2/media/ghs/186d94d7-a06b-4e07-9593-3de8eee7cac5/33bfc7cb-438a-43cc-89b3-ad4a06aa43aa_146858332.jpeg?h=225&w=225,Food Cupboard,"Cooking Sauces, Meal Kits & Sides"
314118257,Simply Cook Sticky Vietnamese Stir-Fry 85g,£2.50,£2.94/100g,,,False,,False,,1,False,https://www.tesco.com/groceries/en-GB/products/314118257,https://digitalcontent.api.tesco.com/v2/media/ghs/143544ef-be90-4124-b447-8d79fea26ba1/f8e8b16b-e3f5-412d-81a4-b8e7f09d77da_1291303661.jpeg?h=225&w=225,Food Cupboard,"Cooking Sauces, Meal Kits & Sides"
285886540,Pataks Ready To Eat Plain Pappadums 8 Pack,£2.25,£3.52/100g,£1.50 Save 1/3 Clubcard Price,(£2.34/100g),True,Offer valid for delivery from 29/03/2025 until 21/04/2025,False,3.1,12,False,https://www.tesco.com/groceries/en-GB/products/285886540,https://digitalcontent.api.tesco.com/v2/media/ghs/193bac51-747c-4720-af6b-901830d3f005/323f7077-ccc7-4cb9-b9e5-eb1b0afaba0d_622645723.jpeg?h=225&w=225,Food Cupboard,"Cooking Sauces, Meal Kits & Sides"
313850776,Simply Cook Cajun Jambalaya Recipe Kit 60g,£2.50,£4.17/100g,,,False,,False,,,False,https://www.tesco.com/groceries/en-GB/products/313850776,https://digitalcontent.api.tesco.com/v2/media/ghs/b7340aa0-8d07-4e3f-a68c-76c05ea55285/3032b470-40d3-440a-b8ba-89a281a1b673_362201248.jpeg?h=225&w=225,Food Cupboard,"Cooking Sauces, Meal Kits & Sides"
276887230,Sharwoods Garlic & Coriander Poppadom 8 Pack,£2.25,£0.28/each,,,False,,False,4.1,37,False,https://www.tesco.com/groceries/en-GB/products/276887230,https://digitalcontent.api.tesco.com/v2/media/ghs/0407a4a9-688e-4b1b-9917-c3dff0fc79da/b5f3677c-0f3c-4848-a0d9-2835e5803e53_1683782489.jpeg?h=225&w=225,Food Cupboard,"Cooking Sauces, Meal Kits & Sides"
258423473,Patak's Korma Spice Paste 290g,£3.25,£1.12/100g,£2.50 Clubcard Price,(£0.86/100g),True,Offer valid for delivery from 27/03/2025 until 21/04/2025,False,4.3,52,False,https://www.tesco.com/groceries/en-GB/products/258423473,https://digitalcontent.api.tesco.com/v2/media/ghs/3d963e19-a819-40f3-9d0c-2463688ef9ca/f784634b-1bae-496f-bdd1-801aedc82677_1718657774.jpeg?h=225&w=225,Food Cupboard,"Cooking Sauces, Meal Kits & Sides"
272666106,Blue Dragon Creamed Coconut 200G,,,,,False,,False,,1,False,https://www.tesco.com/groceries/en-GB/products/272666106,https://digitalcontent.api.tesco.com/v2/media/ghs/72550482-9b92-44cb-b39f-8241162098c6/136fb497-43dc-4780-8c75-cc5d426bfaf5_1024624203.jpeg?h=225&w=225,Food Cupboard,"Cooking Sauces, Meal Kits & Sides"
297243950,Old El Paso Nachips Original 185G,£2.15,£1.16/100g,,,False,,False,,3,False,https://www.tesco.com/groceries/en-GB/products/297243950,https://digitalcontent.api.tesco.com/v2/media/ghs/84890346-bc67-4d74-bdc9-a845f0e3e4f1/ae232281-360a-4be9-96c6-4cedb5dc4ca9_359645971.jpeg?h=225&w=225,Food Cupboard,"Cooking Sauces, Meal Kits & Sides"
256209483,Old El Paso Large Super Soft Flour Tortillas 6 Pack 350G,£1.95,£0.56/100g,,,False,,False,4.4,44,False,https://www.tesco.com/groceries/en-GB/products/256209483,https://digitalcontent.api.tesco.com/v2/media/ghs/cc7ea3ae-14cb-4144-a7c2-f692bba2e597/da24a919-f88b-423c-a749-9306b35008a0.jpeg?h=225&w=225,Food Cupboard,"Cooking Sauces, Meal Kits & Sides"
256090557,Old El Paso Sliced Green Jalapenos 215G,£1.90,£1.65/100g DR.WT,,,False,,False,4.4,86,False,https://www.tesco.com/groceries/en-GB/products/256090557,https://digitalcontent.api.tesco.com/v2/media/ghs/8a3c80d1-776c-4cb3-8a4a-72761dfb6562/b594a038-7fa0-46f9-91e6-2de16a15a4e8_771796893.jpeg?h=225&w=225,Food Cupboard,"Cooking Sauces, Meal Kits & Sides"
297117765,Sharwoods Tikka Masala 30% Less Fat Cooking Sauce 420G,£2.50,£0.60/100g,,,False,,False,4.2,91,False,https://www.tesco.com/groceries/en-GB/products/297117765,https://digitalcontent.api.tesco.com/v2/media/ghs/916e4b2a-ec2f-4ac6-8b38-b9c845c0df98/0c7c7ecd-f359-46fb-8e3b-e6ba78bfd732_455833473.jpeg?h=225&w=225,Food Cupboard,"Cooking Sauces, Meal Kits & Sides"
277043162,Sharwoods Butter Chicken 420G,£2.50,£0.60/100g,,,False,,False,3.9,48,False,https://www.tesco.com/groceries/en-GB/products/277043162,https://digitalcontent.api.tesco.com/v2/media/ghs/91dc1bef-852b-4e03-b547-1865182a118f/411b1d43-dfa1-4023-95e5-6101e24317ab_1200246116.jpeg?h=225&w=225,Food Cupboard,"Cooking Sauces, Meal Kits & Sides"
301324076,Loyd Grossman No Added Sugar Tomato & Chilli Sauce 350G,£3.00,£0.86/100g,£1.65 Clubcard Price,(£0.47/100g),True,Offer valid for delivery from 17/03/2025 until 13/05/2025,False,4.7,38,False,https://www.tesco.com/groceries/en-GB/products/301324076,https://digitalcontent.api.tesco.com/v2/media/ghs/91bfc96f-d4e3-4132-8fd4-96c5166913c5/7a8f79ef-128f-43ed-b59f-6c877b91227a_1389491681.jpeg?h=225&w=225,Food Cupboard,"Cooking Sauces, Meal Kits & Sides"
305522895,Kingfisher Oriental Coconut Milk Rich & Creamy 200Ml,£1.20,£6.00/litre,,,False,,False,4.4,21,False,https://www.tesco.com/groceries/en-GB/products/305522895,https://digitalcontent.api.tesco.com/v2/media/ghs/26e6af79-f4d9-4c51-a6df-ad1694c3c289/ff9af980-b485-4bf3-8649-1058c58d42e6_2118648931.jpeg?h=225&w=225,Food Cupboard,"Cooking Sauces, Meal Kits & Sides"
265819146,Kingfisher Bamboo Shoots In Water 225G,£1.15,£0.96/100g DR.WT,,,False,,False,4.2,5,False,https://www.tesco.com/groceries/en-GB/products/265819146,https://digitalcontent.api.tesco.com/v2/media/ghs/bdc51648-d194-467e-8edd-d43081b39be9/1b782444-cacd-473d-92d5-2ebf6b6f219d_890353862.jpeg?h=225&w=225,Food Cupboard,"Cooking Sauces, Meal Kits & Sides"
250154135,Dolmio Stir In Pasta Sauce - Carbonara 150g,£1.50,£1.00/100g,,,False,,False,,57,False,https://www.tesco.com/groceries/en-GB/products/250154135,https://digitalcontent.api.tesco.com/v2/media/ghs/c1242507-c939-4a1b-887a-c7c3dc13c7ee/aa3c2d54-1ce5-478e-8897-9100950482d7.jpeg?h=225&w=225,Food Cupboard,"Cooking Sauces, Meal Kits & Sides"
274219461,Chicken Tonight Creamy Mushroom Sauce 500G,£1.75,£0.35/100g,,,False,,False,3.1,17,False,https://www.tesco.com/groceries/en-GB/products/274219461,https://digitalcontent.api.tesco.com/v2/media/ghs/8c394f16-7de1-4503-887b-800c4b1ec6b9/e70add07-5e2d-4ffc-b0fb-b344f441ca6d_702752918.jpeg?h=225&w=225,Food Cupboard,"Cooking Sauces, Meal Kits & Sides"
274219622,Chicken Tonight Honey & Mustard Sauce 500G,£1.75,£0.35/100g,,,False,,False,2.9,24,False,https://www.tesco.com/groceries/en-GB/products/274219622,https://digitalcontent.api.tesco.com/v2/media/ghs/25960e89-0589-4ea2-9835-52792d3b32bd/d8033ed6-5899-49aa-b617-71ecd39b4f57_1381688057.jpeg?h=225&w=225,Food Cupboard,"Cooking Sauces, Meal Kits & Sides"
274219841,Chicken Tonight Spanish Chicken Sauce 500G,£1.75,£0.35/100g,,,False,,False,,2,False,https://www.tesco.com/groceries/en-GB/products/274219841,https://digitalcontent.api.tesco.com/v2/media/ghs/bb5bd889-de4a-45c2-852c-1682d62559ec/ca470bbf-ee51-4fd4-9c89-6e5bbf36787c_1896921512.jpeg?h=225&w=225,Food Cupboard,"Cooking Sauces, Meal Kits & Sides"
254243634,Dolmio Stir In Pasta Sauce - Pepperoni & Tomato 150g,£1.50,£1.00/100g,,,False,,False,4.7,6,False,https://www.tesco.com/groceries/en-GB/products/254243634,https://digitalcontent.api.tesco.com/v2/media/ghs/bc4332c7-88e1-4738-9480-1da8a7ef3a76/59475dce-cec3-47b6-bda7-6f124936cd6f.jpeg?h=225&w=225,Food Cupboard,"Cooking Sauces, Meal Kits & Sides"
257109997,Pataks Lime Pickle Medium 283G,£2.50,£0.88/100g,,,False,,False,3.3,16,False,https://www.tesco.com/groceries/en-GB/products/257109997,https://digitalcontent.api.tesco.com/v2/media/ghs/3b2b457b-5d92-4cbc-8638-24249eb114fd/449bed51-205e-4696-b5a2-57b4258350cd_1193911492.jpeg?h=225&w=225,Food Cupboard,"Cooking Sauces, Meal Kits & Sides"
250791964,Schwartz Luxury Bread Sauce 40G,£0.95,£2.38/100g,Any 4 for £2.45 Clubcard Price - Selected Schwartz Recipe Mix,,True,Offer valid for delivery from 19/02/2025 until 09/07/2025,False,3.7,26,False,https://www.tesco.com/groceries/en-GB/products/250791964,https://digitalcontent.api.tesco.com/v2/media/ghs/9488cd89-25b0-4778-85fc-019a5d003490/9b5ef8d5-761d-4478-87fd-cc6fdbe74ba6_419434803.jpeg?h=225&w=225,Food Cupboard,"Cooking Sauces, Meal Kits & Sides"
293134324,Pataks Korma Paste Pots 2X70g,£1.49,£1.06/100g,,,False,,False,4.6,30,False,https://www.tesco.com/groceries/en-GB/products/293134324,https://digitalcontent.api.tesco.com/v2/media/ghs/d7e71510-dd93-428e-8ce4-ec5dda91e6ae/4b494c67-cf56-4896-b585-3bff8a756394_596020314.jpeg?h=225&w=225,Food Cupboard,"Cooking Sauces, Meal Kits & Sides"
293134261,Pataks Tikka Masala Paste Pots 2X70g,£1.49,£1.06/100g,,,False,,False,4.8,21,False,https://www.tesco.com/groceries/en-GB/products/293134261,https://digitalcontent.api.tesco.com/v2/media/ghs/d739e485-872b-4f09-a01f-4ecebc507cfc/97fa8250-0f6f-4ec6-9830-e3a09f57c2b6_630021733.jpeg?h=225&w=225,Food Cupboard,"Cooking Sauces, Meal Kits & Sides"
309190859,Blue Dragon Satay Stir Fry Sauce 120G,£0.95,£0.79/100g,70p Save 25% Clubcard Price,(£0.58/100g),True,Offer valid for delivery from 31/03/2025 until 21/04/2025,False,,36,False,https://www.tesco.com/groceries/en-GB/products/309190859,https://digitalcontent.api.tesco.com/v2/media/ghs/88f64f24-b2ce-4425-a008-4b9671ac33a4/3aa9cf68-6bba-4fe9-a992-4f0e326b1e8b_1783254710.jpeg?h=225&w=225,Food Cupboard,"Cooking Sauces, Meal Kits & Sides"
295871830,Blue Dragon Oyster & Spring Onion Stir Fry Sauce 120G,£0.95,£0.79/100g,70p Save 25% Clubcard Price,(£0.58/100g),True,Offer valid for delivery from 31/03/2025 until 21/04/2025,False,4.5,19,False,https://www.tesco.com/groceries/en-GB/products/295871830,https://digitalcontent.api.tesco.com/v2/media/ghs/a7b890ec-361e-4cfe-8932-c1d3368041fe/0e70d83a-0c35-41c6-b1e0-561fc5668ddf_1256020635.jpeg?h=225&w=225,Food Cupboard,"Cooking Sauces, Meal Kits & Sides"
287546940,Tesco Free From White Lasagne Sauce 480G,£1.30,£0.27/100g,,,False,,False,2.7,32,False,https://www.tesco.com/groceries/en-GB/products/287546940,https://digitalcontent.api.tesco.com/v2/media/ghs/5817ba5f-c70b-418c-98ac-0ae6b3b8b643/5d4626f0-ddef-429c-b9ee-53a3b94a9c3e_1200313209.jpeg?h=225&w=225,Food Cupboard,"Cooking Sauces, Meal Kits & Sides"
272640511,Tesco Fine Egg Noodles 250G,£0.95,£3.80/kg,,,False,,False,4.4,33,False,https://www.tesco.com/groceries/en-GB/products/272640511,https://digitalcontent.api.tesco.com/v2/media/ghs/bae900e3-cfd4-4372-a94c-d63977b7b8b0/3ad1c3e2-3b66-40a6-a2f8-a15ded5a2eb0_1072860372.jpeg?h=225&w=225,Food Cupboard,"Cooking Sauces, Meal Kits & Sides"
271811795,Tesco Chow Mein Stir Fry Sauce 120G,£0.65,£0.54/100g,,,False,,False,3.1,18,False,https://www.tesco.com/groceries/en-GB/products/271811795,https://digitalcontent.api.tesco.com/v2/media/ghs/e56bd10c-cbf1-4ba1-9d09-576e887fe55a/b2b913e9-64a8-4e90-a8fa-bd41f2d05338_220512677.jpeg?h=225&w=225,Food Cupboard,"Cooking Sauces, Meal Kits & Sides"
268675677,Tesco Tomato & Chilli Pesto 190G,£0.99,£0.52/100g,,,False,,False,4.9,44,False,https://www.tesco.com/groceries/en-GB/products/268675677,https://digitalcontent.api.tesco.com/v2/media/ghs/94a05b86-efb9-4d32-a6f6-4e55cbe52486/cd6addac-6160-47fa-9203-52452375811e_930867205.jpeg?h=225&w=225,Food Cupboard,"Cooking Sauces, Meal Kits & Sides"
252548507,Tesco Jalfrezi Sauce 500G,£0.99,£0.20/100g,,,False,,False,4.2,44,False,https://www.tesco.com/groceries/en-GB/products/252548507,https://digitalcontent.api.tesco.com/v2/media/ghs/9e47c8b2-471b-4bf7-bf80-b0d8c4338066/2d26c3ee-02bd-4a93-83e8-5b2f69f3b686_377115153.jpeg?h=225&w=225,Food Cupboard,"Cooking Sauces, Meal Kits & Sides"
252550106,Tesco Balti Sauce 500G,£0.99,£0.20/100g,,,False,,False,4.3,63,False,https://www.tesco.com/groceries/en-GB/products/252550106,https://digitalcontent.api.tesco.com/v2/media/ghs/c86a9a83-dde0-4748-bd90-9b42898a8d23/f9a8c110-71f6-4144-8b30-f78742d2d642_1079971401.jpeg?h=225&w=225,Food Cupboard,"Cooking Sauces, Meal Kits & Sides"
283085990,Homepride White Wine Can 400G,£2.80,£0.70/100g,,,False,,False,3.9,45,False,https://www.tesco.com/groceries/en-GB/products/283085990,https://digitalcontent.api.tesco.com/v2/media/ghs/662e3acd-264f-458c-93ff-0298454fb210/8757200a-ddae-4ea4-be4b-01ee1ea9f6a8_157937931.jpeg?h=225&w=225,Food Cupboard,"Cooking Sauces, Meal Kits & Sides"
254968652,Kikkoman Soy Sauce 150Ml,,,,,False,,False,4.5,21,False,https://www.tesco.com/groceries/en-GB/products/254968652,https://digitalcontent.api.tesco.com/v2/media/ghs/eaf8d647-075e-435f-8339-6b5708640819/7dac2afe-4126-4b3c-9e80-6046853d9ded_696926314.jpeg?h=225&w=225,Food Cupboard,"Cooking Sauces, Meal Kits & Sides"
283522252,Old El Paso Stand 'N Stuff Taco Boat Kit - Smoky BBQ 350g,£4.00,£11.43/kg,,,False,,False,,,False,https://www.tesco.com/groceries/en-GB/products/283522252,https://digitalcontent.api.tesco.com/v2/media/ghs/587c052f-8195-4673-a224-559d1ec407f8/006722b0-77ba-4b0c-b5c8-0a955ae8761d_1943474694.jpeg?h=225&w=225,Food Cupboard,"Cooking Sauces, Meal Kits & Sides"
287740750,Old El Paso Stand 'N' Stuff Taco Kit - Sweet Paprika & Garlic 312g,£3.80,£12.18/kg,,,False,,False,4.3,55,False,https://www.tesco.com/groceries/en-GB/products/287740750,https://digitalcontent.api.tesco.com/v2/media/ghs/ad6d0603-b667-460a-95ae-cfbaaa1336c5/cfd67934-437a-48d3-a188-14d18b602c9d_907187303.jpeg?h=225&w=225,Food Cupboard,"Cooking Sauces, Meal Kits & Sides"
253804451,Pataks Plain Pappadums 10 Pack 100G,£2.30,£2.30/100g,,,False,,False,4.3,7,False,https://www.tesco.com/groceries/en-GB/products/253804451,https://digitalcontent.api.tesco.com/v2/media/ghs/ed621f0c-4fe7-4b8b-800b-8d223c3bb92b/40f9c4ea-4f95-418c-b798-f8d1898bef43_2063980798.jpeg?h=225&w=225,Food Cupboard,"Cooking Sauces, Meal Kits & Sides"
309194890,Ben's Original Medium Curry Sauce 440G,£2.50,£0.57/100g,£2.00 Clubcard Price,(£0.45/100g),True,Offer valid for delivery from 16/04/2025 until 13/05/2025,False,3.6,5,False,https://www.tesco.com/groceries/en-GB/products/309194890,https://digitalcontent.api.tesco.com/v2/media/ghs/7d107eed-13e3-4a91-b3e1-4e13696855b8/adc06c29-37a7-4328-9a31-40c492953afb_1650607469.jpeg?h=225&w=225,Food Cupboard,"Cooking Sauces, Meal Kits & Sides"
262114038,Loyd Grossman Bolognese Pasta Sauce 660G,£3.75,£0.57/100g,,,False,,False,4.3,24,False,https://www.tesco.com/groceries/en-GB/products/262114038,https://digitalcontent.api.tesco.com/v2/media/ghs/703c566a-f2c0-4ae8-88b5-52df3660154b/f40e019d-eab5-4b1c-8ab7-7e2ef4a7ee4f_1236882728.jpeg?h=225&w=225,Food Cupboard,"Cooking Sauces, Meal Kits & Sides"
309177853,Ben's Original Sweet & Sour No Added Sugar Sauce 440g,£2.50,£0.57/100g,£2.00 Clubcard Price,(£0.45/100g),True,Offer valid for delivery from 16/04/2025 until 13/05/2025,False,4.2,9,False,https://www.tesco.com/groceries/en-GB/products/309177853,https://digitalcontent.api.tesco.com/v2/media/ghs/016f016b-c12e-4b41-a0c5-a9f1ec398577/48542cc9-7613-4d5a-9263-a4f66b7f1af1_676541563.jpeg?h=225&w=225,Food Cupboard,"Cooking Sauces, Meal Kits & Sides"
309197783,Bens Original Lemon Chicken Sauce 450G,£2.50,£0.56/100g,£2.00 Clubcard Price,(£0.44/100g),True,Offer valid for delivery from 16/04/2025 until 13/05/2025,False,2.3,21,False,https://www.tesco.com/groceries/en-GB/products/309197783,https://digitalcontent.api.tesco.com/v2/media/ghs/29703fbf-1f5f-432f-8f1f-6e402eb84127/e71a8f93-11b5-4af6-8550-a2d649bcf067_1383706737.jpeg?h=225&w=225,Food Cupboard,"Cooking Sauces, Meal Kits & Sides"
301517793,Homepride Chilli Cooking Sauce 485G,£2.50,£0.52/100g,,,False,,False,4.5,40,False,https://www.tesco.com/groceries/en-GB/products/301517793,https://digitalcontent.api.tesco.com/v2/media/ghs/35b5a944-96fb-41f7-8a0d-dc1380874dd9/eca1b810-18b9-4562-b98d-ada585ea7029_661842901.jpeg?h=225&w=225,Food Cupboard,"Cooking Sauces, Meal Kits & Sides"
305523721,Belazu Balsamic Sun Dried Tomato Paste 130G,£2.55,£1.96/100g,,,False,,False,,18,False,https://www.tesco.com/groceries/en-GB/products/305523721,https://digitalcontent.api.tesco.com/v2/media/ghs/4e76a3db-9417-4240-b0cf-bc031011c28b/33c264a4-5097-4a8b-b931-2232d266140d_92143483.jpeg?h=225&w=225,Food Cupboard,"Cooking Sauces, Meal Kits & Sides"
260827344,Tesco Oyster Sauce 150Ml,£1.80,£1.20/100ml,,,False,,False,4.5,26,False,https://www.tesco.com/groceries/en-GB/products/260827344,https://digitalcontent.api.tesco.com/v2/media/ghs/206f08fb-7fcd-4b25-b52a-14ffbd16419c/7d4a496b-cce3-4c07-aedf-40d0d5aa4850_111117178.jpeg?h=225&w=225,Food Cupboard,"Cooking Sauces, Meal Kits & Sides"
258808646,Old El Paso Thick 'N' Chunky Mild Salsa 226G,£2.35,£1.04/100g,,,False,,False,3.8,6,False,https://www.tesco.com/groceries/en-GB/products/258808646,https://digitalcontent.api.tesco.com/v2/media/ghs/eac6123d-e82b-4d45-ae78-0729012d0f5d/6e35bc7b-6ac5-4fde-95bd-31e1af12f4f9_799522060.jpeg?h=225&w=225,Food Cupboard,"Cooking Sauces, Meal Kits & Sides"
272666227,Blue Dragon Fish Sauce 150Ml,£1.75,£1.17/100ml,£1.50 Clubcard Price,(£1.00/100ml),True,Offer valid for delivery from 16/04/2025 until 10/06/2025,False,2.8,4,False,https://www.tesco.com/groceries/en-GB/products/272666227,https://digitalcontent.api.tesco.com/v2/media/ghs/ba26ff99-113b-4662-9dd8-c1a87f5a65e9/1fb43c5c-305a-4f0f-a2c0-c283e72f556a_3843422.jpeg?h=225&w=225,Food Cupboard,"Cooking Sauces, Meal Kits & Sides"
289670103,Blue Dragon 3 Step Thai Green Curry 253G,£3.10,£12.25/kg,£2.50 Clubcard Price,(£9.88/kg),True,Offer valid for delivery from 19/03/2025 until 21/04/2025,False,4.7,48,False,https://www.tesco.com/groceries/en-GB/products/289670103,https://digitalcontent.api.tesco.com/v2/media/ghs/240290ac-6012-4a60-b09a-93eb7cd320af/14350a47-c316-4cdb-8e12-97704f1dd9fe_1683607182.jpeg?h=225&w=225,Food Cupboard,"Cooking Sauces, Meal Kits & Sides"
307737010,Tesco Refried Beans 392G,£2.00,£0.51/100g DR.WT,,,False,,False,2.3,44,False,https://www.tesco.com/groceries/en-GB/products/307737010,https://digitalcontent.api.tesco.com/v2/media/ghs/0331273d-6e94-4602-9ef1-57ffbd005790/640702fa-12d8-472f-8424-b10995cbe611_2124864693.jpeg?h=225&w=225,Food Cupboard,"Cooking Sauces, Meal Kits & Sides"
312999509,Blue Dragon Thai Green Curry Paste 170G,£2.30,£1.35/100g,£2.00 Clubcard Price,(£1.18/100g),True,Offer valid for delivery from 19/03/2025 until 21/04/2025,False,3.7,30,False,https://www.tesco.com/groceries/en-GB/products/312999509,https://digitalcontent.api.tesco.com/v2/media/ghs/4a298711-ffc0-4842-a536-b3ae7bd91ba4/d041fb8b-6d36-4a15-b694-4c43f20b49a8_536432620.jpeg?h=225&w=225,Food Cupboard,"Cooking Sauces, Meal Kits & Sides"
263723053,Old El Paso Crispy Chicken Fajita Kit 555G,£3.80,£6.85/kg,,,False,,False,4.6,98,False,https://www.tesco.com/groceries/en-GB/products/263723053,https://digitalcontent.api.tesco.com/v2/media/ghs/9c62618b-d0b0-422a-aef4-375ac993836c/ce4bd61f-52fa-4c12-a01b-acf0deb0bbfa_2130076574.jpeg?h=225&w=225,Food Cupboard,"Cooking Sauces, Meal Kits & Sides"
254869435,Patak's Madras Spice Paste Hot 283g,£3.25,£1.15/100g,£2.50 Clubcard Price,(£0.88/100g),True,Offer valid for delivery from 27/03/2025 until 21/04/2025,False,4.5,35,False,https://www.tesco.com/groceries/en-GB/products/254869435,https://digitalcontent.api.tesco.com/v2/media/ghs/a2970573-be49-40ed-9009-d4f706af3238/1d768c9c-6da8-4a22-a347-c490d32e001d_1970999735.jpeg?h=225&w=225,Food Cupboard,"Cooking Sauces, Meal Kits & Sides"
251977346,Pataks Balti Paste 283G,£3.25,£1.15/100g,£2.50 Clubcard Price,(£0.88/100g),True,Offer valid for delivery from 27/03/2025 until 21/04/2025,False,4.8,36,False,https://www.tesco.com/groceries/en-GB/products/251977346,https://digitalcontent.api.tesco.com/v2/media/ghs/23bc5a90-b97b-4c92-b5e2-b47fc9495283/a2d7dddc-d669-4c4d-a7bd-bff6998e4d3f_1303805733.jpeg?h=225&w=225,Food Cupboard,"Cooking Sauces, Meal Kits & Sides"
311673885,Heinz Tomato Grana Padano Mascarpone Pasta Sauce 350G,£2.00,£0.57/100g,£1.50 Save 25% Clubcard Price,(£0.43/100g),True,Offer valid for delivery from 16/04/2025 until 13/05/2025,False,4.4,82,False,https://www.tesco.com/groceries/en-GB/products/311673885,https://digitalcontent.api.tesco.com/v2/media/ghs/4a7cab04-630d-4824-9f72-7cf3259bdf5f/f5a5b6f3-e51f-4df5-be96-a57ad417053e_1235004103.jpeg?h=225&w=225,Food Cupboard,"Cooking Sauces, Meal Kits & Sides"
266578951,Tesco Finest Sundried Tomato Pesto Rosso 190G,£2.20,£1.16/100g,,,False,,False,4.2,24,False,https://www.tesco.com/groceries/en-GB/products/266578951,https://digitalcontent.api.tesco.com/v2/media/ghs/ef4b94ac-80d6-4be9-80f0-9bc8a58fc9f3/ebcb7fb5-3824-4c74-85de-62b4622797b2_1263752296.jpeg?h=225&w=225,Food Cupboard,"Cooking Sauces, Meal Kits & Sides"
292761078,Tesco Wholemeal Tortilla Wraps 8 Pack 320g,£1.40,£0.44/100g,,,False,,False,,32,False,https://www.tesco.com/groceries/en-GB/products/292761078,https://digitalcontent.api.tesco.com/v2/media/ghs/4ddb943c-8efd-4d7c-ae89-ae946fc1c9d6/cd551877-8cb6-4b49-afc8-0bcb289696c8_1720012945.jpeg?h=225&w=225,Food Cupboard,"Cooking Sauces, Meal Kits & Sides"
297117788,Sharwood's 30% Less Fat Korma Curry Sauce 420g,£2.50,£0.60/100g,,,False,,False,4.6,41,False,https://www.tesco.com/groceries/en-GB/products/297117788,https://digitalcontent.api.tesco.com/v2/media/ghs/058c954b-24d7-4d97-a3fd-651263b567d4/014762f2-4531-4daa-aad0-b6672c769363_40651561.jpeg?h=225&w=225,Food Cupboard,"Cooking Sauces, Meal Kits & Sides"
250545116,Sharwoods Balti Medium Sauce 420G,£2.50,£0.60/100g,,,False,,False,4.4,41,False,https://www.tesco.com/groceries/en-GB/products/250545116,https://digitalcontent.api.tesco.com/v2/media/ghs/4909e47f-819b-400a-ae83-e00ba0169939/f33d6022-e794-4076-95e8-b3aeab08e32c_579793608.jpeg?h=225&w=225,Food Cupboard,"Cooking Sauces, Meal Kits & Sides"
289669872,Blue Dragon Thai Green Paste Pot 50G,£1.20,£2.40/100g,,,False,,False,4.7,114,False,https://www.tesco.com/groceries/en-GB/products/289669872,https://digitalcontent.api.tesco.com/v2/media/ghs/fd7f48dc-26c5-4dd4-b312-158a8352aa22/2e71956d-4f17-44ce-b0a4-c0a9b8a4c092_1073064031.jpeg?h=225&w=225,Food Cupboard,"Cooking Sauces, Meal Kits & Sides"
266578922,Tesco Finest Basil Pesto 190G,£2.20,£1.16/100g,,,False,,False,,23,False,https://www.tesco.com/groceries/en-GB/products/266578922,https://digitalcontent.api.tesco.com/v2/media/ghs/1dd84fe3-a6f0-4e65-9526-e54cf4eb26ce/c0186517-b2e2-4536-a121-db1f5d006693_1440280294.jpeg?h=225&w=225,Food Cupboard,"Cooking Sauces, Meal Kits & Sides"
311780654,Heinz Tomato Sauce For Bolognese Pasta Sauce 350G,£2.00,£0.57/100g,£1.50 Save 25% Clubcard Price,(£0.43/100g),True,Offer valid for delivery from 16/04/2025 until 13/05/2025,False,4.4,43,False,https://www.tesco.com/groceries/en-GB/products/311780654,https://digitalcontent.api.tesco.com/v2/media/ghs/21a6bcac-0cff-4b8f-8b9c-1e28fc378f27/670bc805-4156-48b5-8d6a-a76859daf647_860809126.jpeg?h=225&w=225,Food Cupboard,"Cooking Sauces, Meal Kits & Sides"
311783363,Heinz Sun Dried Cherry Tomato And Basil Pasta Sauce 350G,£2.00,£0.57/100g,£1.50 Save 25% Clubcard Price,(£0.43/100g),True,Offer valid for delivery from 16/04/2025 until 13/05/2025,False,4.3,59,False,https://www.tesco.com/groceries/en-GB/products/311783363,https://digitalcontent.api.tesco.com/v2/media/ghs/4d0fc8da-aed5-42c7-8054-53252b0f6a6a/28d16624-c0ca-4541-8c1d-f42679c4083b_986603824.jpeg?h=225&w=225,Food Cupboard,"Cooking Sauces, Meal Kits & Sides"
268414699,Loyd Grossman Korma Sauce 350G,£3.00,£0.86/100g,£1.75 Clubcard Price,(£0.50/100g),True,Offer valid for delivery from 03/04/2025 until 29/04/2025,False,4.5,37,False,https://www.tesco.com/groceries/en-GB/products/268414699,https://digitalcontent.api.tesco.com/v2/media/ghs/371b7bf4-c14f-4518-a1ba-8a1dbfd526d7/6db36d83-6a2b-4f9e-955c-b5693542e651_1518700842.jpeg?h=225&w=225,Food Cupboard,"Cooking Sauces, Meal Kits & Sides"
268414820,Loyd Grossman Sweet Tomato Bhuna Curry Sauce 350G,£3.00,£0.86/100g,£1.75 Clubcard Price,(£0.50/100g),True,Offer valid for delivery from 03/04/2025 until 29/04/2025,False,4.6,36,False,https://www.tesco.com/groceries/en-GB/products/268414820,https://digitalcontent.api.tesco.com/v2/media/ghs/c67c2cb8-d087-4a89-8449-e5d6efdee4f9/f6bed169-733c-4047-8da0-2a77618cc5d1_1638923158.jpeg?h=225&w=225,Food Cupboard,"Cooking Sauces, Meal Kits & Sides"
292761959,Tesco Smokey Spice 30G,£1.00,£3.33/100g,,,False,,False,3.8,18,False,https://www.tesco.com/groceries/en-GB/products/292761959,https://digitalcontent.api.tesco.com/v2/media/ghs/01b1e541-2272-433d-825e-32e11bc27c8b/e8a846cf-d3f9-484d-8536-09e45367ed43_1155451326.jpeg?h=225&w=225,Food Cupboard,"Cooking Sauces, Meal Kits & Sides"
262516473,Tesco Teriyaki Sauce 150Ml,£1.25,£0.83/100ml,,,False,,False,4.4,24,False,https://www.tesco.com/groceries/en-GB/products/262516473,https://digitalcontent.api.tesco.com/v2/media/ghs/ba559a66-0631-40ac-be61-eaf741d79145/664e975c-fc98-40d4-b725-7d273f9f85b6_554212596.jpeg?h=225&w=225,Food Cupboard,"Cooking Sauces, Meal Kits & Sides"
254243375,Dolmio Stir In Pasta Sauce - Smoked Bacon & Tomato 150g,£1.50,£1.00/100g,,,False,,False,3.8,29,False,https://www.tesco.com/groceries/en-GB/products/254243375,https://digitalcontent.api.tesco.com/v2/media/ghs/b8bc90c8-588c-48ac-84da-2d79914bde70/0bcb0c4a-6b37-46b3-963c-3a5049da1347.jpeg?h=225&w=225,Food Cupboard,"Cooking Sauces, Meal Kits & Sides"
253391528,Amoy Reduced Salt Soy Sauce 150Ml,£0.99,£0.66/100ml,,,False,,False,4.8,24,False,https://www.tesco.com/groceries/en-GB/products/253391528,https://digitalcontent.api.tesco.com/v2/media/ghs/d5113ae6-1f04-454d-b984-98b2b685d337/0d105a80-2dcd-45a0-ae1c-480e63fcf49b_926782029.jpeg?h=225&w=225,Food Cupboard,"Cooking Sauces, Meal Kits & Sides"
277064338,Kingfisher Bean Sprouts 410G,£1.15,£0.28/100g,,,False,,False,3.4,7,False,https://www.tesco.com/groceries/en-GB/products/277064338,https://digitalcontent.api.tesco.com/v2/media/ghs/7aeea407-8c93-416c-80f8-437173caabe4/a7d653f2-cf1c-4f83-b079-830a12c666ac_706234728.jpeg?h=225&w=225,Food Cupboard,"Cooking Sauces, Meal Kits & Sides"
260504542,Tesco Finest Tomato & Chilli Pasta Sauce 340G,£2.00,£0.59/100g,,,False,,False,4.1,28,False,https://www.tesco.com/groceries/en-GB/products/260504542,https://digitalcontent.api.tesco.com/v2/media/ghs/c2d6f9ca-7210-482d-a11c-e84d9b2f5316/48bd194a-d319-4407-b4b2-0ac2138005c4_1913338457.jpeg?h=225&w=225,Food Cupboard,"Cooking Sauces, Meal Kits & Sides"
274747958,Patak's Rogan Josh Cooking Sauce - Medium 450g,£2.15,£0.48/100g,£1.50 Clubcard Price,(£0.33/100g),True,Offer valid for delivery from 27/03/2025 until 21/04/2025,False,4.1,15,False,https://www.tesco.com/groceries/en-GB/products/274747958,https://digitalcontent.api.tesco.com/v2/media/ghs/bf0c259a-a722-4d15-9ae5-ae02ec73cadc/bc0af432-92e2-49eb-9581-5d6bad387501_1901938382.jpeg?h=225&w=225,Food Cupboard,"Cooking Sauces, Meal Kits & Sides"
267681008,Old El Paso Crispy Chicken Fajita Seasoning Mix 85G,£1.25,£1.47/100g,£1.00 Clubcard Price,(£1.18/100g),True,Offer valid for delivery from 16/04/2025 until 13/05/2025,False,,4,False,https://www.tesco.com/groceries/en-GB/products/267681008,https://digitalcontent.api.tesco.com/v2/media/ghs/bdb33223-2655-409b-97df-73569d14ab7a/f84328bc-e378-444f-8d54-35f3ebb655b4_19739389.jpeg?h=225&w=225,Food Cupboard,"Cooking Sauces, Meal Kits & Sides"
277095324,Pataks Bhuna Cooking Sauce 450G,£2.15,£0.48/100g,£1.50 Clubcard Price,(£0.33/100g),True,Offer valid for delivery from 27/03/2025 until 21/04/2025,False,4.8,45,False,https://www.tesco.com/groceries/en-GB/products/277095324,https://digitalcontent.api.tesco.com/v2/media/ghs/25fc7322-d2cc-4496-b700-fa36ce1fd226/277b4d1e-19ba-4e53-b86c-18040dfa8f68_1081186241.jpeg?h=225&w=225,Food Cupboard,"Cooking Sauces, Meal Kits & Sides"
308102495,Colman's Big Night In Chicken Kebab Recipe Mix 30G,£0.90,£3.00/100g,65p Clubcard Price,(£2.17/100g),True,Offer valid for delivery from 16/04/2025 until 10/06/2025,False,4.7,38,False,https://www.tesco.com/groceries/en-GB/products/308102495,https://digitalcontent.api.tesco.com/v2/media/ghs/45a86df8-365a-442d-b9e4-e94100ab59b6/c6e13131-330e-4cc5-bdae-04a7116d7c6f_2017710841.jpeg?h=225&w=225,Food Cupboard,"Cooking Sauces, Meal Kits & Sides"
272492265,Tesco Guacamole Style Topping 285G,£1.50,£0.53/100g,,,False,,False,2.3,15,False,https://www.tesco.com/groceries/en-GB/products/272492265,https://digitalcontent.api.tesco.com/v2/media/ghs/87aaff76-df9e-4b80-85ce-6fbe557bb65a/80bad867-3ec7-4a81-bec6-004274c6d63b_1792010658.jpeg?h=225&w=225,Food Cupboard,"Cooking Sauces, Meal Kits & Sides"
252548818,Tesco Rogan Josh Cooking Sauce 500G,£0.99,£0.20/100g,,,False,,False,4.6,75,False,https://www.tesco.com/groceries/en-GB/products/252548818,https://digitalcontent.api.tesco.com/v2/media/ghs/260f6c2a-e9ff-44e1-8e6b-16c80944009a/263c80e2-d526-4411-a9e6-71e1fe42af7d_628784267.jpeg?h=225&w=225,Food Cupboard,"Cooking Sauces, Meal Kits & Sides"
252548450,Tesco Madras Cooking Sauce 500G,£0.99,£0.20/100g,,,False,,False,3.6,37,False,https://www.tesco.com/groceries/en-GB/products/252548450,https://digitalcontent.api.tesco.com/v2/media/ghs/52bae418-aefc-4abe-9f89-43367f509e98/fe842c6b-0f6a-4b00-84ac-401ddbabe50c_2027432411.jpeg?h=225&w=225,Food Cupboard,"Cooking Sauces, Meal Kits & Sides"
272409815,Aasani Chapattis 8S 360G,£1.00,£0.28/100g,85p Clubcard Price,(£0.24/100g),True,Offer valid for delivery from 31/03/2025 until 22/04/2025,False,3.9,11,False,https://www.tesco.com/groceries/en-GB/products/272409815,https://digitalcontent.api.tesco.com/v2/media/ghs/6df5258c-f71a-4076-aed4-50425e239ac3/47315c5e-80ce-4576-a06e-ccda6a9d53a2_191175474.jpeg?h=225&w=225,Food Cupboard,"Cooking Sauces, Meal Kits & Sides"
300601251,Tesco Finest Carbonara Pasta Sauce 340G,£2.00,£0.59/100g,,,False,,False,,35,False,https://www.tesco.com/groceries/en-GB/products/300601251,https://digitalcontent.api.tesco.com/v2/media/ghs/a5fed1f0-0060-4833-9e99-59add757c149/13005b02-86dd-40c8-8af0-9faa87e4598a_2091336231.jpeg?h=225&w=225,Food Cupboard,"Cooking Sauces, Meal Kits & Sides"
250490888,Pataks Creamed Coconut 4Xsachets 200G,£3.45,£17.25/kg,,,False,,False,,,False,https://www.tesco.com/groceries/en-GB/products/250490888,https://digitalcontent.api.tesco.com/v2/media/ghs/11ac22f4-ea96-49cc-9abe-4977d05ac502/4a7c5e46-7116-4644-87e6-9c266ecbd990_666730285.jpeg?h=225&w=225,Food Cupboard,"Cooking Sauces, Meal Kits & Sides"
272655690,Sharwoods Hoisin Marinade Sauce 290G,£3.20,£1.10/100g,,,False,,False,,45,False,https://www.tesco.com/groceries/en-GB/products/272655690,https://digitalcontent.api.tesco.com/v2/media/ghs/48c606a3-935b-49e9-9530-6336e0c727a2/32a1bfe0-62af-4923-8541-33f9f740a021_1960688934.jpeg?h=225&w=225,Food Cupboard,"Cooking Sauces, Meal Kits & Sides"
299669125,Old El Paso Gluten Free Fajita Kit 462G,£4.75,£10.28/kg,,,False,,False,4.2,14,False,https://www.tesco.com/groceries/en-GB/products/299669125,https://digitalcontent.api.tesco.com/v2/media/ghs/07011c11-5b88-4d43-b85a-c57e89365e24/68f7a11a-bb70-4c02-9f43-2daccf7c3b20_1570787352.jpeg?h=225&w=225,Food Cupboard,"Cooking Sauces, Meal Kits & Sides"
301786444,The Spice Tailor Classic Tarka Daal 400G,£3.85,£9.62/kg,,,False,,False,4.7,70,False,https://www.tesco.com/groceries/en-GB/products/301786444,https://digitalcontent.api.tesco.com/v2/media/ghs/fb03e017-9d44-458d-9935-d411da5f93d3/9f7dee32-5f1f-42a5-89d0-c912f369018b_1110517594.jpeg?h=225&w=225,Food Cupboard,"Cooking Sauces, Meal Kits & Sides"
283086082,Homepride Red Wine Can 400G,£2.80,£0.70/100g,,,False,,False,4.4,45,False,https://www.tesco.com/groceries/en-GB/products/283086082,https://digitalcontent.api.tesco.com/v2/media/ghs/40aef7ae-3d23-43b3-8cff-3cb89a82d2c2/84a3a356-c55d-4469-aeb1-ed7151f2f496_1112670654.jpeg?h=225&w=225,Food Cupboard,"Cooking Sauces, Meal Kits & Sides"
279768919,Cypressa Tahini 300G,£3.20,£1.07/100g,,,False,,False,,,False,https://www.tesco.com/groceries/en-GB/products/279768919,https://digitalcontent.api.tesco.com/v2/media/ghs/0a3fd842-8e33-4e66-864c-8b9ef2d26c31/9785ae50-4304-48e1-9238-54737c48c336_1744558873.jpeg?h=225&w=225,Food Cupboard,"Cooking Sauces, Meal Kits & Sides"
283949873,Sacla Vegan Basil Pesto 190G,£3.10,£1.63/100g,,,False,,False,3.6,8,False,https://www.tesco.com/groceries/en-GB/products/283949873,https://digitalcontent.api.tesco.com/v2/media/ghs/243f8cc9-2b8c-4f54-821d-0aa53aa692fc/af8a5bd5-1a65-4ee9-a443-73e8de7d2248_734892469.jpeg?h=225&w=225,Food Cupboard,"Cooking Sauces, Meal Kits & Sides"
304404017,Gran Luchito Lightly Salted Tortilla Chips 170G,£2.65,£1.56/100g,£2.10 Clubcard Price,(£1.24/100g),True,Offer valid for delivery from 16/04/2025 until 10/06/2025,False,4.3,7,False,https://www.tesco.com/groceries/en-GB/products/304404017,https://digitalcontent.api.tesco.com/v2/media/ghs/04013641-494b-4644-93c2-e2215db8628e/3a963104-22d4-4765-808c-2d42d1110111_2016204574.jpeg?h=225&w=225,Food Cupboard,"Cooking Sauces, Meal Kits & Sides"
301803759,Blue Dragon Pad Thai Noodles Kit 265G,£3.20,£12.08/kg,£2.50 Clubcard Price,(£9.43/kg),True,Offer valid for delivery from 19/03/2025 until 21/04/2025,False,4.5,63,False,https://www.tesco.com/groceries/en-GB/products/301803759,https://digitalcontent.api.tesco.com/v2/media/ghs/e7b48e90-bcc5-46aa-b8f9-f09821e83ec9/92c55b4b-dc9c-4e90-9d0e-38809016e539_1957214424.jpeg?h=225&w=225,Food Cupboard,"Cooking Sauces, Meal Kits & Sides"
283222108,Filippo Berio Classic Green Pesto 190G,£2.80,£1.47/100g,£2.00 Clubcard Price,(£1.05/100g),True,Offer valid for delivery from 16/04/2025 until 13/05/2025,False,,,False,https://www.tesco.com/groceries/en-GB/products/283222108,https://digitalcontent.api.tesco.com/v2/media/ghs/2f9a25c2-4249-4763-9bbb-cbfc2ecbeb49/09e34e7a-b7f0-40ca-bb3f-38d5d041fe4a_1181230298.jpeg?h=225&w=225,Food Cupboard,"Cooking Sauces, Meal Kits & Sides"
309172207,Bens Original Sweet & Sour Sauce 675G,£3.00,£0.44/100g,,,False,,False,3.6,5,False,https://www.tesco.com/groceries/en-GB/products/309172207,https://digitalcontent.api.tesco.com/v2/media/ghs/dfed0ad5-1315-4ceb-81fd-ba04998af718/278ed9a7-ab83-467c-8297-9caf682f0316_2114148697.jpeg?h=225&w=225,Food Cupboard,"Cooking Sauces, Meal Kits & Sides"
289623650,The Spice Tailor Fiery Goan Hot Curry 300G,£3.85,£12.83/kg,,,False,,False,4.6,70,False,https://www.tesco.com/groceries/en-GB/products/289623650,https://digitalcontent.api.tesco.com/v2/media/ghs/18424f59-6a37-4d92-9f6b-17bdffb22386/5b9bf558-8f20-4835-86fc-7d46dd2e853b_861714142.jpeg?h=225&w=225,Food Cupboard,"Cooking Sauces, Meal Kits & Sides"
289623609,The Spice Tailor Butter Chicken Mild Curry 300G,£3.85,£12.83/kg,,,False,,False,,43,False,https://www.tesco.com/groceries/en-GB/products/289623609,https://digitalcontent.api.tesco.com/v2/media/ghs/1db8f7b8-8432-4008-a513-d7deacb9e463/295e5690-e466-4271-b878-bfe15a3d52f8_1461245880.jpeg?h=225&w=225,Food Cupboard,"Cooking Sauces, Meal Kits & Sides"
277017050,The Spice Tailor Original Tikka Masala 300G,£3.85,£12.83/kg,,,False,,False,4.8,57,False,https://www.tesco.com/groceries/en-GB/products/277017050,https://digitalcontent.api.tesco.com/v2/media/ghs/d1a5aebe-8d1b-442d-8b2e-128978f71e11/811fc819-6b4c-44b1-8462-d1810bc9be94_2145046303.jpeg?h=225&w=225,Food Cupboard,"Cooking Sauces, Meal Kits & Sides"
277017159,The Spice Tailor Keralan Coconut Curry 225G,£3.85,£17.11/kg,,,False,,False,4.6,58,False,https://www.tesco.com/groceries/en-GB/products/277017159,https://digitalcontent.api.tesco.com/v2/media/ghs/cb764dfc-b4cf-429d-ad75-bd7af6777582/b4533b35-1882-4023-8f5a-981c9dc87c75_1647713819.jpeg?h=225&w=225,Food Cupboard,"Cooking Sauces, Meal Kits & Sides"
289736349,Old El Paso Squeezy Sour Cream 230G,£2.55,£1.11/100g,,,False,,False,,45,False,https://www.tesco.com/groceries/en-GB/products/289736349,https://digitalcontent.api.tesco.com/v2/media/ghs/b582d555-60c2-414a-b09f-9e4e82d260d5/67fe7b06-6eae-4262-874d-8c706b5df14e_1913828660.jpeg?h=225&w=225,Food Cupboard,"Cooking Sauces, Meal Kits & Sides"
250830660,Blue Dragon Light Coconut Milk 400ml,£2.30,£5.75/litre,£1.75 Clubcard Price,(£4.38/litre),True,Offer valid for delivery from 31/03/2025 until 21/04/2025,False,,,False,https://www.tesco.com/groceries/en-GB/products/250830660,https://digitalcontent.api.tesco.com/v2/media/ghs/df7ee08d-4204-419d-9694-758a637f13f9/d0b8248f-2a58-452c-9b7d-f43fee0b9321_1570361147.jpeg?h=225&w=225,Food Cupboard,"Cooking Sauces, Meal Kits & Sides"
256380681,Pataks Plain Chapattis 6 Pack,£2.00,£0.33/each,,,False,,False,1.7,15,False,https://www.tesco.com/groceries/en-GB/products/256380681,https://digitalcontent.api.tesco.com/v2/media/ghs/1b7ccdee-2c1b-4845-9466-6be4d269f32f/4f73f94b-2379-419c-9ac7-865312c3285f.jpeg?h=225&w=225,Food Cupboard,"Cooking Sauces, Meal Kits & Sides"
289725570,Old El Paso Squeezy Chunky Salsa 238G,£2.55,£1.07/100g,,,False,,False,4.2,45,False,https://www.tesco.com/groceries/en-GB/products/289725570,https://digitalcontent.api.tesco.com/v2/media/ghs/911fbfde-cdfd-4100-a38a-f86474de1bf1/45a0bd84-b58f-4e63-ab90-82267766467e_240101781.jpeg?h=225&w=225,Food Cupboard,"Cooking Sauces, Meal Kits & Sides"
305969838,Old El Paso 8 Tortilla Pockets 223G,£2.70,£1.21/100g,,,False,,False,4.6,34,False,https://www.tesco.com/groceries/en-GB/products/305969838,https://digitalcontent.api.tesco.com/v2/media/ghs/8aa8cc21-052c-4a42-bd6b-04b75298dcba/83af26e3-eaa5-40fd-a224-931d7d27a21e_999026528.jpeg?h=225&w=225,Food Cupboard,"Cooking Sauces, Meal Kits & Sides"
305051115,Tesco Sliced Green Jalapenos In Brine 300G,£1.50,£1.11/100g DR.WT,,,False,,False,2.2,25,False,https://www.tesco.com/groceries/en-GB/products/305051115,https://digitalcontent.api.tesco.com/v2/media/ghs/78cddcc4-63c4-4ca1-806c-c8b9d85dae91/66ce2b1f-a2de-40e3-91dc-ac3075959485_165369506.jpeg?h=225&w=225,Food Cupboard,"Cooking Sauces, Meal Kits & Sides"
264860752,Sacla Fiery Chilli Pesto 190G,£3.35,£1.76/100g,£1.95 Clubcard Price,(£1.03/100g),True,Offer valid for delivery from 31/03/2025 until 29/04/2025,False,,1,False,https://www.tesco.com/groceries/en-GB/products/264860752,https://digitalcontent.api.tesco.com/v2/media/ghs/de10e72e-19ec-405e-b2b0-6144ffa49747/53c56617-6f3a-43b3-811e-985077bba75c_422324146.jpeg?h=225&w=225,Food Cupboard,"Cooking Sauces, Meal Kits & Sides"
312703187,Blue Dragon Thai Red Curry Paste 170G,£2.30,£1.35/100g,£2.00 Clubcard Price,(£1.18/100g),True,Offer valid for delivery from 19/03/2025 until 21/04/2025,False,4.3,19,False,https://www.tesco.com/groceries/en-GB/products/312703187,https://digitalcontent.api.tesco.com/v2/media/ghs/6dea7f8f-14fe-44aa-89b7-642faf57eb66/3dea0de2-0abc-47bc-8cd3-9f6cc28fd729_1294431454.jpeg?h=225&w=225,Food Cupboard,"Cooking Sauces, Meal Kits & Sides"
257302946,Pataks Jalfrezi Curry Paste 283G,£3.25,£1.15/100g,£2.50 Clubcard Price,(£0.88/100g),True,Offer valid for delivery from 27/03/2025 until 21/04/2025,False,4.9,33,False,https://www.tesco.com/groceries/en-GB/products/257302946,https://digitalcontent.api.tesco.com/v2/media/ghs/e134c119-50de-4627-bce4-f8db810511b1/0a9cda9c-c86a-4cbf-b63e-3fab0f96d161_581635509.jpeg?h=225&w=225,Food Cupboard,"Cooking Sauces, Meal Kits & Sides"
251953288,Pataks Rogan Josh Paste 283G,£3.25,£1.15/100g,£2.50 Clubcard Price,(£0.88/100g),True,Offer valid for delivery from 27/03/2025 until 21/04/2025,False,4.9,23,False,https://www.tesco.com/groceries/en-GB/products/251953288,https://digitalcontent.api.tesco.com/v2/media/ghs/d588e6f3-1666-440a-8edd-0d817a61f99a/dbaef40a-adbb-4769-acf4-c630e2e6b7c2_1902661699.jpeg?h=225&w=225,Food Cupboard,"Cooking Sauces, Meal Kits & Sides"
265461975,Old El Paso Soft Corn Tortillas X8 335G,£1.80,£0.54/100g,,,False,,False,2.2,12,False,https://www.tesco.com/groceries/en-GB/products/265461975,https://digitalcontent.api.tesco.com/v2/media/ghs/2886e984-ca88-42e4-a1c1-9b42a4782625/24b909f6-3fd5-47a3-b542-be2a68c12291_468626471.jpeg?h=225&w=225,Food Cupboard,"Cooking Sauces, Meal Kits & Sides"
258482350,Pataks Ready To Eat Garlic & Coriander Papadums 8 Pack,£2.25,£2.81/100g,£1.50 Save 1/3 Clubcard Price,(£1.88/100g),True,Offer valid for delivery from 19/03/2025 until 21/04/2025,False,,4,False,https://www.tesco.com/groceries/en-GB/products/258482350,https://digitalcontent.api.tesco.com/v2/media/ghs/2fdd4cd9-b8ff-4a52-98aa-b6555615331c/b5b9593c-18d0-4453-8d0d-9ba1c701c9b9_2047438802.jpeg?h=225&w=225,Food Cupboard,"Cooking Sauces, Meal Kits & Sides"
305253677,Kingfisher Oriental Light Coconut Milk 200Ml,£1.20,£0.60/100ml,,,False,,False,4.8,4,False,https://www.tesco.com/groceries/en-GB/products/305253677,https://digitalcontent.api.tesco.com/v2/media/ghs/15db2ad9-deb2-49bc-abc4-4ab1f719aa61/3f82ff20-17af-454c-8db6-01e3b01b0143_1804550978.jpeg?h=225&w=225,Food Cupboard,"Cooking Sauces, Meal Kits & Sides"
289670253,Blue Dragon Thai Red Paste Pot For Two 50G,£1.20,£2.40/100g,,,False,,False,4.7,7,False,https://www.tesco.com/groceries/en-GB/products/289670253,https://digitalcontent.api.tesco.com/v2/media/ghs/88d35714-f0d4-4536-8cfe-036728c9a89c/042f08fa-f013-499a-9256-4d686bb30d91_556850465.jpeg?h=225&w=225,Food Cupboard,"Cooking Sauces, Meal Kits & Sides"
293272845,Tiger Tiger Ramen Stir Fry Noodles 400G,£1.50,£3.75/kg,,,False,,False,4.3,6,False,https://www.tesco.com/groceries/en-GB/products/293272845,https://digitalcontent.api.tesco.com/v2/media/ghs/b7b49a26-f411-45e3-bbc7-5d64544c3037/c9e1bc14-70fc-41da-8954-2024d1c9cf6e_1241039711.jpeg?h=225&w=225,Food Cupboard,"Cooking Sauces, Meal Kits & Sides"
310151047,Loyd Grossman Tomato Basil Oregano Pizza Topping 350G,£3.50,£1.00/100g,£1.65 Better than Half Price Clubcard Price,(£0.47/100g),True,Offer valid for delivery from 17/03/2025 until 13/05/2025,False,4.8,38,False,https://www.tesco.com/groceries/en-GB/products/310151047,https://digitalcontent.api.tesco.com/v2/media/ghs/aa426569-1ba2-4578-bfb6-5ac6d4c3268f/80b71d85-b071-4ce9-9590-6eba6b754a18_2108413719.jpeg?h=225&w=225,Food Cupboard,"Cooking Sauces, Meal Kits & Sides"
264555273,Sharwoods Chinese Curry 425G,£2.50,£0.59/100g,,,False,,False,3.8,53,False,https://www.tesco.com/groceries/en-GB/products/264555273,https://digitalcontent.api.tesco.com/v2/media/ghs/8c80c099-0a51-405a-936c-1a607cfd2c1d/56261e6f-2c5a-4f8f-9c89-4485e23d6679_90293623.jpeg?h=225&w=225,Food Cupboard,"Cooking Sauces, Meal Kits & Sides"
258047601,Sharwood's Kung Po Chinese Cooking Sauce 425g,£2.50,£0.59/100g,,,False,,False,4.3,47,False,https://www.tesco.com/groceries/en-GB/products/258047601,https://digitalcontent.api.tesco.com/v2/media/ghs/ce4b3a29-df63-4c20-8c02-02afab780090/a1270d70-f9fb-4154-ad07-552a8deb2166_657972890.jpeg?h=225&w=225,Food Cupboard,"Cooking Sauces, Meal Kits & Sides"
302278543,Loyd Grossman No Added Sugar Bolognese 350G,£3.00,£0.86/100g,£1.65 Clubcard Price,(£0.47/100g),True,Offer valid for delivery from 17/03/2025 until 13/05/2025,False,4.9,36,False,https://www.tesco.com/groceries/en-GB/products/302278543,https://digitalcontent.api.tesco.com/v2/media/ghs/bf6d258c-c29c-486d-b022-bbe621e5633d/b92872ba-70ef-43cb-8b91-a38dbf7afc9c_841906092.jpeg?h=225&w=225,Food Cupboard,"Cooking Sauces, Meal Kits & Sides"
272431822,Pataks Aubergine Pickles 312G,£2.50,£0.80/100g,,,False,,False,,14,False,https://www.tesco.com/groceries/en-GB/products/272431822,https://digitalcontent.api.tesco.com/v2/media/ghs/ab8082e2-ffc7-471c-9968-e4e355927979/bb6844d3-2c5d-40eb-91d1-c953dcd8372a_1213516778.jpeg?h=225&w=225,Food Cupboard,"Cooking Sauces, Meal Kits & Sides"
272492530,Tesco Mild Salsa Topping 290G,£1.50,£0.52/100g,,,False,,False,4.5,22,False,https://www.tesco.com/groceries/en-GB/products/272492530,https://digitalcontent.api.tesco.com/v2/media/ghs/9bfc9954-8d6f-43a6-a78a-f92a788ded52/a19369cf-889e-4faa-bf98-fae616975a47_416513140.jpeg?h=225&w=225,Food Cupboard,"Cooking Sauces, Meal Kits & Sides"
303416310,Blue Dragon Katsu Stir Fry Sauce 120g,£0.95,£0.79/100g,70p Save 25% Clubcard Price,(£0.58/100g),True,Offer valid for delivery from 31/03/2025 until 21/04/2025,False,4.6,24,False,https://www.tesco.com/groceries/en-GB/products/303416310,https://digitalcontent.api.tesco.com/v2/media/ghs/cc0032ce-afa5-45d0-ab06-4cb8fa92ebd9/64bbb76e-dde6-4cc7-ae89-e4b189e26f28_1292309427.jpeg?h=225&w=225,Food Cupboard,"Cooking Sauces, Meal Kits & Sides"
272682599,Tesco Black Bean Cooking Sauce 500G,£1.20,£0.24/100g,,,False,,False,1.9,37,False,https://www.tesco.com/groceries/en-GB/products/272682599,https://digitalcontent.api.tesco.com/v2/media/ghs/067cdd6a-fef2-4366-8d15-9502a45b0b4e/16a4f311-f1a5-48d0-a5de-12f815567fb7_2108723524.jpeg?h=225&w=225,Food Cupboard,"Cooking Sauces, Meal Kits & Sides"
307338131,Tesco Red Thai Curry Cooking Sauce 340G,£1.20,£0.35/100g,,,False,,False,3.1,30,False,https://www.tesco.com/groceries/en-GB/products/307338131,https://digitalcontent.api.tesco.com/v2/media/ghs/94a24a69-2d61-4775-a216-6d86645acbda/3f20a3a6-5434-44e7-aa5b-266087178b2d_932136838.jpeg?h=225&w=225,Food Cupboard,"Cooking Sauces, Meal Kits & Sides"
271771184,Tesco Black Bean Stir Fry Sauce 120G,£0.65,£0.54/100g,,,False,,False,3.5,17,False,https://www.tesco.com/groceries/en-GB/products/271771184,https://digitalcontent.api.tesco.com/v2/media/ghs/2af2433f-c430-4438-b8fb-e78a38f7fe80/f1b13c1d-9a9f-4853-9e8f-32017ff99097_13160012.jpeg?h=225&w=225,Food Cupboard,"Cooking Sauces, Meal Kits & Sides"
276475971,Tesco Satay Stir Fry Sauce 120G,£0.65,£0.54/100g,,,False,,False,3.4,14,False,https://www.tesco.com/groceries/en-GB/products/276475971,https://digitalcontent.api.tesco.com/v2/media/ghs/00d4ea32-ca39-493e-ba4c-e2c94ea2b420/eafab31c-2f93-461b-8866-7c452e79ef3f_1873557367.jpeg?h=225&w=225,Food Cupboard,"Cooking Sauces, Meal Kits & Sides"
271811708,Tesco Sweet & Sour Stir Fry Sauce 120G,£0.65,£0.54/100g,,,False,,False,2.8,19,False,https://www.tesco.com/groceries/en-GB/products/271811708,https://digitalcontent.api.tesco.com/v2/media/ghs/96c4e312-9d2b-40db-889e-e1befbebc9fb/119da539-1e35-4ae3-b923-7c1b12b0b367_1106072220.jpeg?h=225&w=225,Food Cupboard,"Cooking Sauces, Meal Kits & Sides"
300535876,Hearty Food Co. Curry Sauce 440G,£0.65,£0.15/100g,,,False,,False,3.9,43,False,https://www.tesco.com/groceries/en-GB/products/300535876,https://digitalcontent.api.tesco.com/v2/media/ghs/78e0806a-6ec5-497f-b9d7-548e94341674/d625b62b-1086-4c78-9fbf-46f7c72408ba_2096232231.jpeg?h=225&w=225,Food Cupboard,"Cooking Sauces, Meal Kits & Sides"
252354673,Sharwoods Real Oyster Sauce 150Ml,£3.00,£2.00/100ml,,,False,,False,,44,False,https://www.tesco.com/groceries/en-GB/products/252354673,https://digitalcontent.api.tesco.com/v2/media/ghs/3fdeed9c-7239-4211-b216-ac7131106fce/818b12de-c275-48ac-b82d-b8490cce6389_1996208524.jpeg?h=225&w=225,Food Cupboard,"Cooking Sauces, Meal Kits & Sides"
283522312,Old El Paso Stand 'N' Stuff Taco Boat Kit - Extra Mild 329g,£4.00,£12.16/kg,,,False,,False,,,False,https://www.tesco.com/groceries/en-GB/products/283522312,https://digitalcontent.api.tesco.com/v2/media/ghs/76e69b78-0335-485b-b7cf-fcdabbfea9f7/932d617e-faff-4549-adde-70bc028af7ef_1163127763.jpeg?h=225&w=225,Food Cupboard,"Cooking Sauces, Meal Kits & Sides"
250561776,Kikkoman Teriyaki Marinade 250Ml,£3.35,£1.34/100ml,,,False,,False,4.2,19,False,https://www.tesco.com/groceries/en-GB/products/250561776,https://digitalcontent.api.tesco.com/v2/media/ghs/a1ec5d84-e211-44d2-aff0-43d2b9ff5b12/164d9fb7-033f-4c62-9dbc-7bead629ec1c_1030689213.jpeg?h=225&w=225,Food Cupboard,"Cooking Sauces, Meal Kits & Sides"
262284763,Kikkoman Soy Sauce Less Salt 150Ml,£3.00,£2.00/100ml,,,False,,False,,10,False,https://www.tesco.com/groceries/en-GB/products/262284763,https://digitalcontent.api.tesco.com/v2/media/ghs/4dfdd82e-eb57-4665-8043-d935eaf169a0/0c3ba324-8d5c-4eff-9e08-3823af568c8c_1693133252.jpeg?h=225&w=225,Food Cupboard,"Cooking Sauces, Meal Kits & Sides"
311687742,Al'fez Harissa Paste 180G,£3.00,£1.67/100g,,,False,,False,4.6,56,False,https://www.tesco.com/groceries/en-GB/products/311687742,https://digitalcontent.api.tesco.com/v2/media/ghs/fd205d64-168e-464f-9ec2-3f8bc8778031/28ff656b-12dd-46fd-9614-6a018befd124_2106333602.jpeg?h=225&w=225,Food Cupboard,"Cooking Sauces, Meal Kits & Sides"
251708401,Loyd Grossman Tomato & Basil Pasta Sauce 660G,£3.75,£0.57/100g,,,False,,False,4.5,45,False,https://www.tesco.com/groceries/en-GB/products/251708401,https://digitalcontent.api.tesco.com/v2/media/ghs/46872ce6-8a65-437c-b833-f10c958fa48c/bc0d38f1-4627-43c9-a7a8-efa3caeb92f6_194125151.jpeg?h=225&w=225,Food Cupboard,"Cooking Sauces, Meal Kits & Sides"
303852138,Mutti Parmigiano Reggiano Cheese Pasta Sauce 400G,£3.00,£0.75/100g,,,False,,False,4.4,36,False,https://www.tesco.com/groceries/en-GB/products/303852138,https://digitalcontent.api.tesco.com/v2/media/ghs/c53d91dd-0481-4499-8e3f-4dea2793f32c/4597363b-d917-48ec-a2ab-caebb38122d6_1968009828.jpeg?h=225&w=225,Food Cupboard,"Cooking Sauces, Meal Kits & Sides"
254196088,Loyd Grossman Tomato & Chilli Pasta Sauce 660G,£3.75,£0.57/100g,,,False,,False,4.7,40,False,https://www.tesco.com/groceries/en-GB/products/254196088,https://digitalcontent.api.tesco.com/v2/media/ghs/7c0c73b3-91b8-4007-9844-a2d9ec9d2dff/cffb73bf-6c93-45ee-9e0e-41695944a149_1391096128.jpeg?h=225&w=225,Food Cupboard,"Cooking Sauces, Meal Kits & Sides"
255094779,Sacla Organic Basil Pesto 190G,£3.60,£1.90/100g,,,False,,False,,,False,https://www.tesco.com/groceries/en-GB/products/255094779,https://digitalcontent.api.tesco.com/v2/media/ghs/a1c270f1-60c0-448e-b990-c5e6c3fd2c7b/1053518b-1df4-4c3d-9c49-773e07b647b1_1120644258.jpeg?h=225&w=225,Food Cupboard,"Cooking Sauces, Meal Kits & Sides"
283222342,Filippo Berio Sun Dried Tomato Pesto 190g,£2.80,£1.47/100g,£2.00 Clubcard Price,(£1.05/100g),True,Offer valid for delivery from 16/04/2025 until 13/05/2025,False,,2,False,https://www.tesco.com/groceries/en-GB/products/283222342,https://digitalcontent.api.tesco.com/v2/media/ghs/e0e62037-a914-4b64-b962-89dd7fd30dc6/8d09ddcc-b729-4849-a88c-eba9cc66956f_554564792.jpeg?h=225&w=225,Food Cupboard,"Cooking Sauces, Meal Kits & Sides"
301413269,Gran Luchito Chipotle Salsa 300G,£2.90,£0.97/100g,£2.30 Clubcard Price,(£0.77/100g),True,Offer valid for delivery from 16/04/2025 until 10/06/2025,False,2.6,13,False,https://www.tesco.com/groceries/en-GB/products/301413269,https://digitalcontent.api.tesco.com/v2/media/ghs/bf47b142-03d4-4d99-9ace-0afff18ca3f0/33327ba0-a6ab-411e-a3ee-bd9cbbac335a_1772899595.jpeg?h=225&w=225,Food Cupboard,"Cooking Sauces, Meal Kits & Sides"
278084779,Tesco Sriracha Chilli Sauce 285G,£2.40,£0.84/100g,,,False,,False,4.7,10,False,https://www.tesco.com/groceries/en-GB/products/278084779,https://digitalcontent.api.tesco.com/v2/media/ghs/bd1b163d-69d7-430e-b6e9-e419472fb486/197df603-43c0-496b-a016-b32b4dfeea90_502680933.jpeg?h=225&w=225,Food Cupboard,"Cooking Sauces, Meal Kits & Sides"
306824719,Al'fez Moroccan Meatball Sauce 450G,£2.65,£0.59/100g,£2.00 Clubcard Price,(£0.44/100g),True,Offer valid for delivery from 18/04/2025 until 13/05/2025,False,4.2,70,False,https://www.tesco.com/groceries/en-GB/products/306824719,https://digitalcontent.api.tesco.com/v2/media/ghs/53d34f8e-ab48-4e98-828f-8501cc5d9282/838fab58-6e11-4083-a15d-d3a89e0029cc_174306805.jpeg?h=225&w=225,Food Cupboard,"Cooking Sauces, Meal Kits & Sides"
301923997,Belazu Beldi Black Olive Tapenade 170G,£3.40,£2.00/100g,,,False,,False,4.2,21,False,https://www.tesco.com/groceries/en-GB/products/301923997,https://digitalcontent.api.tesco.com/v2/media/ghs/a5057492-1ce0-4f31-b92b-ad212fb5e9be/dd03fedc-4b93-4cf9-ae06-c74ae2eb80fe_496780961.jpeg?h=225&w=225,Food Cupboard,"Cooking Sauces, Meal Kits & Sides"
265431504,Old El Paso Tomato & Pepper Fajita Kit 505G,£3.80,£7.52/kg,OLD EL PASO & HAAGEN Meal Deal for £6.50 Clubcard Price - Buy 1 Haagen-dazs And 1 Old El Paso,,True,Offer valid for delivery from 01/04/2025 until 21/04/2025,False,,2,False,https://www.tesco.com/groceries/en-GB/products/265431504,https://digitalcontent.api.tesco.com/v2/media/ghs/02048410-c868-49a4-bcc1-198597568d39/d4a51ea7-ba9f-4f8f-a764-1d560676887d_1467728659.jpeg?h=225&w=225,Food Cupboard,"Cooking Sauces, Meal Kits & Sides"
305053804,Thai Dragon Sweet Chilli Sauce 455Ml,£2.50,£0.55/100ml,,,False,,False,4.4,8,False,https://www.tesco.com/groceries/en-GB/products/305053804,https://digitalcontent.api.tesco.com/v2/media/ghs/ccf0ac04-d1a3-48e0-b31c-9e36f0ff444e/2a0e8f86-72dc-4fca-a7ff-6d323216957d_824041542.jpeg?h=225&w=225,Food Cupboard,"Cooking Sauces, Meal Kits & Sides"
289725529,Old El Paso Squeezy Chunky Guacamole 240G,£2.55,£1.06/100g,,,False,,False,1.8,5,False,https://www.tesco.com/groceries/en-GB/products/289725529,https://digitalcontent.api.tesco.com/v2/media/ghs/a4206a11-caac-48fb-8241-4c2384307c32/43d74dc9-502e-4d5e-ab50-4b9c58878347_1187801529.jpeg?h=225&w=225,Food Cupboard,"Cooking Sauces, Meal Kits & Sides"
259277592,Cholula Original Mexican Hot Sauce 150ml,£2.30,£1.53/100ml,,,False,,False,4.6,11,False,https://www.tesco.com/groceries/en-GB/products/259277592,https://digitalcontent.api.tesco.com/v2/media/ghs/6e6ac8e7-6110-4b6a-8caa-eb9346d0417f/6b45b172-56c6-4e88-b620-2d5664baaff6_2054657769.jpeg?h=225&w=225,Food Cupboard,"Cooking Sauces, Meal Kits & Sides"
250526456,Sharwoods Jalfrezi Sauce 420G,£2.50,£0.60/100g,,,False,,False,,48,False,https://www.tesco.com/groceries/en-GB/products/250526456,https://digitalcontent.api.tesco.com/v2/media/ghs/3b1f3323-8559-4637-820c-7fd75a661b06/c35ef546-5ae2-4f5b-aeb2-56ed2320393b_624893026.jpeg?h=225&w=225,Food Cupboard,"Cooking Sauces, Meal Kits & Sides"
305948823,Old El Paso Tortilla Pockets Kit Mild 375G,£4.00,£1.07/100g,,,False,,False,3.9,32,False,https://www.tesco.com/groceries/en-GB/products/305948823,https://digitalcontent.api.tesco.com/v2/media/ghs/e879eac8-be3b-4be5-a923-67ec289167a0/bf1801f3-9da8-4a80-8d07-028c8525cb4c_1896709578.jpeg?h=225&w=225,Food Cupboard,"Cooking Sauces, Meal Kits & Sides"
314582728,French's Nashville Chicken with Fries Seasoning Recipe Kit 105G,£2.25,£2.14/100g,,,False,,False,4.8,21,False,https://www.tesco.com/groceries/en-GB/products/314582728,https://digitalcontent.api.tesco.com/v2/media/ghs/b32675ed-d788-495b-ba0a-4148c316daa4/b57202bc-c151-48a3-97e1-1ae82f593f98_1022558806.jpeg?h=225&w=225,Food Cupboard,"Cooking Sauces, Meal Kits & Sides"
309494863,Jamie Oliver Tikka Masala Curry Paste 180G,£2.45,£1.36/100g,,,False,,False,2.8,39,False,https://www.tesco.com/groceries/en-GB/products/309494863,https://digitalcontent.api.tesco.com/v2/media/ghs/4d59f43a-c5f1-4aa8-a9f2-bdf9a6d5ed79/aeea3b6d-752b-4385-bdad-b17b22fabdeb_2070647830.jpeg?h=225&w=225,Food Cupboard,"Cooking Sauces, Meal Kits & Sides"
314847831,French's Sloppy Joes with Fries Seasoning Recipe Kit 105G,£2.25,£2.14/100g,,,False,,False,4.4,23,False,https://www.tesco.com/groceries/en-GB/products/314847831,https://digitalcontent.api.tesco.com/v2/media/ghs/561062ee-8436-410d-a73a-3ed2c07bd281/0455c9ba-3bad-4e0a-80bc-dacbe654c661_816747860.jpeg?h=225&w=225,Food Cupboard,"Cooking Sauces, Meal Kits & Sides"
258808738,Old El Paso Thick 'N' Chunky Hot Salsa 226G,£2.35,£1.04/100g,,,False,,False,2.5,4,False,https://www.tesco.com/groceries/en-GB/products/258808738,https://digitalcontent.api.tesco.com/v2/media/ghs/530d84af-6501-4209-8209-5b4dd7729e53/fabdb8cf-fef3-403e-96eb-294628e4f70c_1101245402.jpeg?h=225&w=225,Food Cupboard,"Cooking Sauces, Meal Kits & Sides"
314836504,French's Buttermilk Chicken with Fries Seasoning Recipe Kit 85G,£2.25,£2.65/100g,,,False,,False,4.7,22,False,https://www.tesco.com/groceries/en-GB/products/314836504,https://digitalcontent.api.tesco.com/v2/media/ghs/a56433d9-451c-463e-844d-f9094f628a2a/8dc04252-b44f-48a4-9761-cf4542ed718a_1233392398.jpeg?h=225&w=225,Food Cupboard,"Cooking Sauces, Meal Kits & Sides"
289670190,Blue Dragon 3 Step Thai Red Curry 253G,£3.10,£12.25/kg,£2.50 Clubcard Price,(£9.88/kg),True,Offer valid for delivery from 19/03/2025 until 21/04/2025,False,4.8,39,False,https://www.tesco.com/groceries/en-GB/products/289670190,https://digitalcontent.api.tesco.com/v2/media/ghs/d93e086c-6e73-4077-b41a-47fa24c0ba86/e0782104-666c-4867-a81b-e758cae43460_1977187363.jpeg?h=225&w=225,Food Cupboard,"Cooking Sauces, Meal Kits & Sides"
303760264,Geeta's Premium Lime & Chilli Chutney 230G,£1.90,£0.83/100g,£1.40 Save 25% Clubcard Price,(£0.61/100g),True,Offer valid for delivery from 16/04/2025 until 13/05/2025,False,4.9,16,False,https://www.tesco.com/groceries/en-GB/products/303760264,https://digitalcontent.api.tesco.com/v2/media/ghs/5d7eaf8e-ad71-440c-9713-f980e2e4a66d/25d372af-d72e-4dfa-bf8f-5dd9fd4ef574_1531595045.jpeg?h=225&w=225,Food Cupboard,"Cooking Sauces, Meal Kits & Sides"
279878604,Old El Paso Whole Wheat Tortillas - 8 Regular 326g,£1.80,£0.55/100g,,,False,,False,3.6,5,False,https://www.tesco.com/groceries/en-GB/products/279878604,https://digitalcontent.api.tesco.com/v2/media/ghs/5a22e638-9682-4592-813a-ecbf4dcd3386/f01505fa-6694-43c7-adfe-59badef35ea7_859521.jpeg?h=225&w=225,Food Cupboard,"Cooking Sauces, Meal Kits & Sides"
282224131,Maggi Authentic Indian Hot and Sweet Sauce 400g,£2.30,£0.58/100g,,,False,,False,,5,False,https://www.tesco.com/groceries/en-GB/products/282224131,https://digitalcontent.api.tesco.com/v2/media/ghs/e248c5a4-6ced-45be-8bd9-d43c9dcf7f66/cf8af4b9-fb57-4d3d-8043-257b71469b03_1532927727.jpeg?h=225&w=225,Food Cupboard,"Cooking Sauces, Meal Kits & Sides"
293258598,Kohinoor Dal Makhani 300G,£1.85,£6.17/kg,,,False,,False,4.5,10,False,https://www.tesco.com/groceries/en-GB/products/293258598,https://digitalcontent.api.tesco.com/v2/media/ghs/1abb7c98-39f8-4e60-8dfe-08901d9f5c53/61a7ce06-7afb-496f-8b0f-9df8f5817bed_466052350.jpeg?h=225&w=225,Food Cupboard,"Cooking Sauces, Meal Kits & Sides"
250078133,Sacla Intenso Tomato & Olive Stir In 190G,£3.35,£1.76/100g,,,False,,False,4.8,5,False,https://www.tesco.com/groceries/en-GB/products/250078133,https://digitalcontent.api.tesco.com/v2/media/ghs/3c9a3be5-cea4-462f-9969-68da82b463b0/18f84110-f31b-43ac-8f80-6691e1215822_174185999.jpeg?h=225&w=225,Food Cupboard,"Cooking Sauces, Meal Kits & Sides"
293258477,Kohinoor Dal Tarka 300G,£1.85,£0.62/100g,,,False,,False,3.3,10,False,https://www.tesco.com/groceries/en-GB/products/293258477,https://digitalcontent.api.tesco.com/v2/media/ghs/afb0f5b1-85af-45d3-9a6d-b346f4a7b435/0af35f2a-76f8-4867-9295-57cb35eb4b8d_206155123.jpeg?h=225&w=225,Food Cupboard,"Cooking Sauces, Meal Kits & Sides"
277006852,Al'fez Moroccan Spiced Couscous 200G,£1.85,£9.25/kg,£1.50 Clubcard Price,(£7.50/kg),True,Offer valid for delivery from 16/04/2025 until 13/05/2025,False,3.3,7,False,https://www.tesco.com/groceries/en-GB/products/277006852,https://digitalcontent.api.tesco.com/v2/media/ghs/18418a8c-597f-4c3a-9733-0b885e6f7169/cb1a5695-fd9d-4073-8818-62b30fb0582b_1025251851.jpeg?h=225&w=225,Food Cupboard,"Cooking Sauces, Meal Kits & Sides"
294781264,Tesco Satay Dipping Sauce 180G,£1.75,£0.97/100g,,,False,,False,3.1,16,False,https://www.tesco.com/groceries/en-GB/products/294781264,https://digitalcontent.api.tesco.com/v2/media/ghs/3f2ea671-c50d-4c29-b9a3-d8a06aec8a08/adbdc889-cb02-4be3-baf7-c08b6f09b4d5_566039645.jpeg?h=225&w=225,Food Cupboard,"Cooking Sauces, Meal Kits & Sides"
304413755,Sharwoods Butter Chicken Cooking Sauce 420G,£2.50,£0.60/100g,,,False,,False,4.7,27,False,https://www.tesco.com/groceries/en-GB/products/304413755,https://digitalcontent.api.tesco.com/v2/media/ghs/34c00b44-5665-4d8d-bee5-4b56573976c3/6c6b05a9-6777-471d-9ae7-50925d34ee0c_404579040.jpeg?h=225&w=225,Food Cupboard,"Cooking Sauces, Meal Kits & Sides"
311214099,Tesco Plain Laffa Style Flatbreads 2 Pack,£1.45,£0.72/each,,,False,,False,4.6,46,False,https://www.tesco.com/groceries/en-GB/products/311214099,https://digitalcontent.api.tesco.com/v2/media/ghs/f9dd29a4-24dd-4977-9dfa-a3d191ec7911/e826fbae-ecda-4164-885f-3016e000d26b_25382646.jpeg?h=225&w=225,Food Cupboard,"Cooking Sauces, Meal Kits & Sides"
304377578,Sharwood's 4 Plain Mini Naans Low Fat 260G,£1.80,£0.69/100g,,,False,,False,4.7,28,False,https://www.tesco.com/groceries/en-GB/products/304377578,https://digitalcontent.api.tesco.com/v2/media/ghs/5748e8b4-ce18-412f-b13d-f322e06b5a80/392287c2-bfc3-47cf-8972-f6f9eb8f1d29_1595811950.jpeg?h=225&w=225,Food Cupboard,"Cooking Sauces, Meal Kits & Sides"
255671684,Schwartz Creamy Parsley Sauce 26G,£0.95,£3.65/100g,Any 4 for £2.45 Clubcard Price - Selected Schwartz Recipe Mix,,True,Offer valid for delivery from 19/02/2025 until 09/07/2025,False,,16,False,https://www.tesco.com/groceries/en-GB/products/255671684,https://digitalcontent.api.tesco.com/v2/media/ghs/5cedfcf4-b307-4590-81e7-dcd256dd2c3e/40639eec-9ed3-4cab-b3ef-2faecf31570f_100176927.jpeg?h=225&w=225,Food Cupboard,"Cooking Sauces, Meal Kits & Sides"
278770480,Aleyna Sliced Red Jalapeno Peppers 480G,£1.15,£0.48/100g DR.WT,,,False,,False,3.9,7,False,https://www.tesco.com/groceries/en-GB/products/278770480,https://digitalcontent.api.tesco.com/v2/media/ghs/225ef996-6213-4acd-ae78-ff992e94688d/d2935c73-6ff8-4237-bf58-ad39cdbefd30_1298515707.jpeg?h=225&w=225,Food Cupboard,"Cooking Sauces, Meal Kits & Sides"
311672039,Colman's Big Night In Salt & Pepper Chicken recipe Mix 23G,£0.90,£3.91/100g,65p Clubcard Price,(£2.83/100g),True,Offer valid for delivery from 16/04/2025 until 10/06/2025,False,4.4,39,False,https://www.tesco.com/groceries/en-GB/products/311672039,https://digitalcontent.api.tesco.com/v2/media/ghs/4a24a683-0ed1-4214-9e4a-e66bb8887c3c/083c9400-c504-4ebc-9ab1-0a805b2862a8_1917660906.jpeg?h=225&w=225,Food Cupboard,"Cooking Sauces, Meal Kits & Sides"
293134422,Pataks Madras Paste Pots 2X70g,£1.49,£1.06/100g,,,False,,False,4.5,18,False,https://www.tesco.com/groceries/en-GB/products/293134422,https://digitalcontent.api.tesco.com/v2/media/ghs/1a63f577-6208-4100-815f-ea85ed7aaaa5/c24c5b71-47f8-41ae-899e-a54951c2b53c_1959082641.jpeg?h=225&w=225,Food Cupboard,"Cooking Sauces, Meal Kits & Sides"
309169391,Blue Dragon Korean Bbq Stir Fry Sauce 120G,£0.95,£0.79/100g,70p Save 25% Clubcard Price,(£0.58/100g),True,Offer valid for delivery from 31/03/2025 until 21/04/2025,False,4.2,30,False,https://www.tesco.com/groceries/en-GB/products/309169391,https://digitalcontent.api.tesco.com/v2/media/ghs/c44a7846-fa68-4c69-b3d7-e47dc470c3f0/1e22dc12-a194-41ab-ae5d-dc9775d8a627_948359644.jpeg?h=225&w=225,Food Cupboard,"Cooking Sauces, Meal Kits & Sides"
273261900,Tesco Lightly Salted Tortilla Chips 175G,£0.95,£0.54/100g,,,False,,False,4.1,26,False,https://www.tesco.com/groceries/en-GB/products/273261900,https://digitalcontent.api.tesco.com/v2/media/ghs/2f724afb-39f7-47b2-b55c-5c2438362ca4/34b351ff-19f0-45be-a912-388dc5963db5_1286924869.jpeg?h=225&w=225,Food Cupboard,"Cooking Sauces, Meal Kits & Sides"
307362700,Tesco Katsu Cooking Sauce 340G,£1.20,£0.35/100g,,,False,,False,3.7,46,False,https://www.tesco.com/groceries/en-GB/products/307362700,https://digitalcontent.api.tesco.com/v2/media/ghs/d14e3dca-db83-416f-a18a-98f450d57014/468315fc-8836-4261-8eaf-0c75d234a77e_65685107.jpeg?h=225&w=225,Food Cupboard,"Cooking Sauces, Meal Kits & Sides"
271811835,Tesco Hoi Sin Stir Fry Sauce 120G,£0.65,£0.54/100g,,,False,,False,4.2,17,False,https://www.tesco.com/groceries/en-GB/products/271811835,https://digitalcontent.api.tesco.com/v2/media/ghs/c64504eb-325c-474a-b6af-58b5f2fe7fd5/1bd0bb71-f226-4a94-9761-d664b52e53b4_45370534.jpeg?h=225&w=225,Food Cupboard,"Cooking Sauces, Meal Kits & Sides"
266838195,Tesco Plain Naans 2 Pack 260G,£0.80,£0.31/100g,,,False,,False,3.9,53,False,https://www.tesco.com/groceries/en-GB/products/266838195,https://digitalcontent.api.tesco.com/v2/media/ghs/0e6f1b14-3cea-4c75-8dcd-2248797fad3e/1faef33f-f3ec-4bdd-8182-e64f14bdda04_1814755705.jpeg?h=225&w=225,Food Cupboard,"Cooking Sauces, Meal Kits & Sides"
303630689,Kikkoman Teriyaki Sauce & Garlic 250Ml,£3.35,£1.34/100ml,,,False,,False,4.8,12,False,https://www.tesco.com/groceries/en-GB/products/303630689,https://digitalcontent.api.tesco.com/v2/media/ghs/1c45ec14-1458-4314-bab6-8a01c72249a3/524a24c6-a593-4c24-82eb-6b90a76fd967_797473754.jpeg?h=225&w=225,Food Cupboard,"Cooking Sauces, Meal Kits & Sides"
255546499,Sharwoods Plum Sauce 300G,£3.20,£1.07/100g,,,False,,False,4.3,45,False,https://www.tesco.com/groceries/en-GB/products/255546499,https://digitalcontent.api.tesco.com/v2/media/ghs/92454ac1-879a-4952-8ed9-0ff530722543/a97345de-8ce7-4deb-8324-701d10e9fac2_941652887.jpeg?h=225&w=225,Food Cupboard,"Cooking Sauces, Meal Kits & Sides"
311441123,Al'Fez Shawarma Kebab Paste 165g,£3.00,£1.82/100g,,,False,,False,,,False,https://www.tesco.com/groceries/en-GB/products/311441123,https://digitalcontent.api.tesco.com/v2/media/ghs/23a01b3c-0982-4271-bfc9-daa8758d6633/c0f99d4e-b41e-4bcf-8f19-c0ab3576866a_27505023.jpeg?h=225&w=225,Food Cupboard,"Cooking Sauces, Meal Kits & Sides"
305248056,Tesco Red Pepper Pesto Cremoso 190G,£2.40,£1.26/100g,,,False,,False,3.9,11,False,https://www.tesco.com/groceries/en-GB/products/305248056,https://digitalcontent.api.tesco.com/v2/media/ghs/14e4d5e1-46f6-4927-9969-0a8097382847/caec2ef8-6316-446d-84cf-7464d03bb749_1255268309.jpeg?h=225&w=225,Food Cupboard,"Cooking Sauces, Meal Kits & Sides"
303852150,Mutti Chilli Peperoncino Pasta Sauce 400G,£3.00,£0.75/100g,,,False,,False,4.1,17,False,https://www.tesco.com/groceries/en-GB/products/303852150,https://digitalcontent.api.tesco.com/v2/media/ghs/2813e372-b903-4f6d-bdaa-990ade02b723/743549b4-164c-4988-96b1-34ffb9f9b747_11310530.jpeg?h=225&w=225,Food Cupboard,"Cooking Sauces, Meal Kits & Sides"
301064129,Blue Dragon Ramen Noodle Kit 201G,£3.20,£15.92/kg,£2.50 Clubcard Price,(£12.44/kg),True,Offer valid for delivery from 19/03/2025 until 21/04/2025,False,,8,False,https://www.tesco.com/groceries/en-GB/products/301064129,https://digitalcontent.api.tesco.com/v2/media/ghs/1842655f-0b6b-41a8-b593-e11fe74722c3/6c7c9b67-8d65-4259-9434-3ecb0eea229f_773908365.jpeg?h=225&w=225,Food Cupboard,"Cooking Sauces, Meal Kits & Sides"
312090645,Filippo Berio Tomato & Ricotta Pesto 190G,£2.80,£1.47/100g,£2.00 Clubcard Price,(£1.05/100g),True,Offer valid for delivery from 16/04/2025 until 13/05/2025,False,,3,False,https://www.tesco.com/groceries/en-GB/products/312090645,https://digitalcontent.api.tesco.com/v2/media/ghs/f115e061-d9a3-4172-8aa0-9927965334b1/634dcc0a-aa59-46d7-b4a2-ab256625465c_635701485.jpeg?h=225&w=225,Food Cupboard,"Cooking Sauces, Meal Kits & Sides"
311273713,Tesco Finest Karahi Curry Sauce 340G,£2.50,£0.74/100g,,,False,,False,2.9,29,False,https://www.tesco.com/groceries/en-GB/products/311273713,https://digitalcontent.api.tesco.com/v2/media/ghs/2e8feba5-3a46-41e1-b9c0-aa60840341ac/7a9706e6-baf0-4844-8ad0-35a5788fc7ea_668160219.jpeg?h=225&w=225,Food Cupboard,"Cooking Sauces, Meal Kits & Sides"
311214116,Tesco Finest Makhani Curry Sauce 340G,£2.50,£0.74/100g,,,False,,False,3.1,37,False,https://www.tesco.com/groceries/en-GB/products/311214116,https://digitalcontent.api.tesco.com/v2/media/ghs/f8ff37a2-cee1-429b-96dc-4d4e51b4a80f/79e7f46b-728d-4b30-b4e2-6f352b81bab9_1660347161.jpeg?h=225&w=225,Food Cupboard,"Cooking Sauces, Meal Kits & Sides"
306825028,Al'fez Apricot & Coriander Sauce 450G,£2.65,£0.59/100g,£2.00 Clubcard Price,(£0.44/100g),True,Offer valid for delivery from 18/04/2025 until 13/05/2025,False,4.5,46,False,https://www.tesco.com/groceries/en-GB/products/306825028,https://digitalcontent.api.tesco.com/v2/media/ghs/d1e64816-623d-4a19-9da4-39b59f5ee2ef/bc559963-6aa7-4330-b374-ef3d007e8918_584722557.jpeg?h=225&w=225,Food Cupboard,"Cooking Sauces, Meal Kits & Sides"
305253959,Tesco Basil Pesto Cremoso 190G,£2.40,£1.26/100g,,,False,,False,4.2,5,False,https://www.tesco.com/groceries/en-GB/products/305253959,https://digitalcontent.api.tesco.com/v2/media/ghs/6ad03cdc-39fa-4d25-9127-4dfc165e5d84/1f93e82f-c321-4ffb-adb8-61132f891598_448297715.jpeg?h=225&w=225,Food Cupboard,"Cooking Sauces, Meal Kits & Sides"
277017482,The Spice Tailor Delicate Korma Curry 300G,£3.85,£12.83/kg,,,False,,False,4.6,39,False,https://www.tesco.com/groceries/en-GB/products/277017482,https://digitalcontent.api.tesco.com/v2/media/ghs/9da8d726-c166-4451-bf89-c2963e948e58/c32409e2-56f4-40bc-a86c-84f8f5f10cdf_330840777.jpeg?h=225&w=225,Food Cupboard,"Cooking Sauces, Meal Kits & Sides"
276760627,Lee Kum Kee Pure Sesame Oil 207Ml,£3.25,£1.57/100ml,,,False,,False,,,False,https://www.tesco.com/groceries/en-GB/products/276760627,https://digitalcontent.api.tesco.com/v2/media/ghs/61840292-b5fb-485f-af77-55ca5ea4b3d8/465fdd0f-e2c4-4e32-8d06-146fe55ced95_1682247316.jpeg?h=225&w=225,Food Cupboard,"Cooking Sauces, Meal Kits & Sides"
301372899,Passage To Asia Teriyaki Chicken Stir Fry Sauce 200G,£2.50,£1.25/100g,,,False,,False,4.9,11,False,https://www.tesco.com/groceries/en-GB/products/301372899,https://digitalcontent.api.tesco.com/v2/media/ghs/6a0dcf03-0c38-4262-9794-df6d133690dd/fb8a8b2f-85d1-45ce-9cb6-82323a5296e0_244692963.jpeg?h=225&w=225,Food Cupboard,"Cooking Sauces, Meal Kits & Sides"
287000630,Cholula Chipotle Mexican Hot Sauce 150ml,£2.30,£1.53/100ml,,,False,,False,4.9,18,False,https://www.tesco.com/groceries/en-GB/products/287000630,https://digitalcontent.api.tesco.com/v2/media/ghs/a39ecc5e-9cb4-4518-9520-850a15f8126c/15f1f23a-19c6-4187-a8dc-53e5e8b0e9d0_1349020718.jpeg?h=225&w=225,Food Cupboard,"Cooking Sauces, Meal Kits & Sides"
296829074,Street Kitchen Japan Teriyaki Meal Kit 255G,£3.00,£11.76/kg,,,False,,False,3.7,3,False,https://www.tesco.com/groceries/en-GB/products/296829074,https://digitalcontent.api.tesco.com/v2/media/ghs/2ff9111e-9e4f-4f5a-b94a-030e57d9c8cf/cbe4eb0d-b547-487f-af8b-ba613235056c_1242076938.jpeg?h=225&w=225,Food Cupboard,"Cooking Sauces, Meal Kits & Sides"
277017504,The Spice Tailor Rustic Rogan Josh 300G,£3.85,£1.28/100g,,,False,,False,4.9,28,False,https://www.tesco.com/groceries/en-GB/products/277017504,https://digitalcontent.api.tesco.com/v2/media/ghs/6bf76df7-f896-4a70-8201-7c4cc10b3075/7971c7db-6831-4576-8874-51813ae47a7f_1697387110.jpeg?h=225&w=225,Food Cupboard,"Cooking Sauces, Meal Kits & Sides"
309466442,Jamie Oliver Keralan Style Curry Paste 180g,£2.45,£1.36/100g,,,False,,False,3.8,32,False,https://www.tesco.com/groceries/en-GB/products/309466442,https://digitalcontent.api.tesco.com/v2/media/ghs/49457dd8-1a9e-436f-92ea-5d7be5393a81/902de45c-eac2-412d-bd84-41feb26874dc_62459390.jpeg?h=225&w=225,Food Cupboard,"Cooking Sauces, Meal Kits & Sides"
309492577,Jamie OIiver Madras Curry Paste 180g,£2.45,£1.36/100g,,,False,,False,2.8,21,False,https://www.tesco.com/groceries/en-GB/products/309492577,https://digitalcontent.api.tesco.com/v2/media/ghs/c13f46e8-3fc7-4e85-9b21-0f853578b74f/58fd0e11-290e-4749-8c4c-79d380e04a26_1786190450.jpeg?h=225&w=225,Food Cupboard,"Cooking Sauces, Meal Kits & Sides"
309166479,Old El Paso Mild Smoky Bbq Tortilla Pockets Kit 380G,£4.00,£1.05/100g,,,False,,False,,,False,https://www.tesco.com/groceries/en-GB/products/309166479,https://digitalcontent.api.tesco.com/v2/media/ghs/10581d8e-94fe-4196-be6d-778a2f2d7e30/127b7c7f-3f2c-4d5a-a460-7cbc5c0f7dc8_1401376652.jpeg?h=225&w=225,Food Cupboard,"Cooking Sauces, Meal Kits & Sides"
309191478,Jamie Oliver Korma Curry Paste 180G,£2.45,£1.36/100g,,,False,,False,2.4,38,False,https://www.tesco.com/groceries/en-GB/products/309191478,https://digitalcontent.api.tesco.com/v2/media/ghs/3b4e4867-1810-42e9-ba20-0f4fa63f67dc/38140df5-e2a2-4fa8-8208-d99159a8ac86_976329935.jpeg?h=225&w=225,Food Cupboard,"Cooking Sauces, Meal Kits & Sides"
314937333,French's Mac 'n' Cheese with Crunchy Topping Recipe Kit 115G,£2.25,£1.96/100g,,,False,,False,3.7,36,False,https://www.tesco.com/groceries/en-GB/products/314937333,https://digitalcontent.api.tesco.com/v2/media/ghs/6756a897-f390-424d-b753-668c2a9653c9/2db1b224-8d8e-41d2-b24a-27eea45e6388_1541858293.jpeg?h=225&w=225,Food Cupboard,"Cooking Sauces, Meal Kits & Sides"
289670230,Blue Dragon Thai Massaman Curry Kit 273g,£3.10,£11.36/kg,£2.50 Clubcard Price,(£9.16/kg),True,Offer valid for delivery from 19/03/2025 until 21/04/2025,False,4.8,48,False,https://www.tesco.com/groceries/en-GB/products/289670230,https://digitalcontent.api.tesco.com/v2/media/ghs/ab6c81cd-558b-42a6-ae80-35efb248ae77/fd75412b-b577-44b6-8647-c1331f082bab_81601096.jpeg?h=225&w=225,Food Cupboard,"Cooking Sauces, Meal Kits & Sides"
304391791,Gran Luchito Refried Beans Chipotle 430G,£2.30,£0.54/100g,£1.85 Clubcard Price,(£0.43/100g),True,Offer valid for delivery from 16/04/2025 until 10/06/2025,False,3.3,6,False,https://www.tesco.com/groceries/en-GB/products/304391791,https://digitalcontent.api.tesco.com/v2/media/ghs/6777e369-262c-4c7c-b50c-23115a698190/175fd841-6470-4d5b-92d0-a92ba0d99c49_497723139.jpeg?h=225&w=225,Food Cupboard,"Cooking Sauces, Meal Kits & Sides"
304796335,Thai Dragon Sriracha Chilli Mayo Sauce 200ml,£1.90,£0.95/100ml,,,False,,False,2.9,7,False,https://www.tesco.com/groceries/en-GB/products/304796335,https://digitalcontent.api.tesco.com/v2/media/ghs/6a5cfaec-8189-4528-b409-bf367543c80e/b249b22b-facd-4879-9c2c-50b41448cbbd_1668725029.jpeg?h=225&w=225,Food Cupboard,"Cooking Sauces, Meal Kits & Sides"
272651826,Old El Paso Sliced Red Jalapenos 215G,£1.90,£0.88/100g,,,False,,False,2.8,5,False,https://www.tesco.com/groceries/en-GB/products/272651826,https://digitalcontent.api.tesco.com/v2/media/ghs/c4b1f0f6-b022-445b-baae-fbffa415c62f/f8e80c4d-cf18-4d9f-9b18-e9db8c00f8f4_31476734.jpeg?h=225&w=225,Food Cupboard,"Cooking Sauces, Meal Kits & Sides"
255776883,Al'fez Falafel 150G,£1.90,£1.27/100g,£1.50 Clubcard Price,(£1.00/100g),True,Offer valid for delivery from 16/04/2025 until 13/05/2025,False,2.2,10,False,https://www.tesco.com/groceries/en-GB/products/255776883,https://digitalcontent.api.tesco.com/v2/media/ghs/f92d6782-36f7-46e7-b4a0-7a704eed7177/da4df13c-0362-49e9-a575-c766df76a1ae_969084288.jpeg?h=225&w=225,Food Cupboard,"Cooking Sauces, Meal Kits & Sides"
267771616,Maggi Authentic Indian Tamarind Sauce 425g,£2.30,£0.54/100g,,,False,,False,3.8,31,False,https://www.tesco.com/groceries/en-GB/products/267771616,https://digitalcontent.api.tesco.com/v2/media/ghs/d271467b-a2a4-478a-88b9-ea66c8f1134f/516359e0-6a79-42af-86aa-1bb0c1ef2440_540016569.jpeg?h=225&w=225,Food Cupboard,"Cooking Sauces, Meal Kits & Sides"
257153033,Sacla Ripened Tomato & Mascarpone Stir In 190G,£3.35,£1.76/100g,,,False,,False,3.7,6,False,https://www.tesco.com/groceries/en-GB/products/257153033,https://digitalcontent.api.tesco.com/v2/media/ghs/ad3dc705-71c8-4562-86ec-1071f99b688c/7a71e01b-24f1-465d-b9b8-d5cdfac06199_1736807302.jpeg?h=225&w=225,Food Cupboard,"Cooking Sauces, Meal Kits & Sides"
293258166,Kohinoor Lucknowi Adraki Bhuna Sauce 375G,£1.95,£5.20/kg,,,False,,False,,17,False,https://www.tesco.com/groceries/en-GB/products/293258166,https://digitalcontent.api.tesco.com/v2/media/ghs/f8f16954-15d3-4981-853c-05da9c0bb2a8/e94720a2-9a02-4661-ac1a-d07c4965f2c2_2045501744.jpeg?h=225&w=225,Food Cupboard,"Cooking Sauces, Meal Kits & Sides"
258029312,Sharwoods Bhuna Medium Sauce 420G,£2.50,£0.60/100g,,,False,,False,4.5,44,False,https://www.tesco.com/groceries/en-GB/products/258029312,https://digitalcontent.api.tesco.com/v2/media/ghs/716da0c7-5e21-436c-8067-6976d9738c16/b51b04e2-4b7c-4496-8918-3400a6a5b588_1886022567.jpeg?h=225&w=225,Food Cupboard,"Cooking Sauces, Meal Kits & Sides"
311666220,Heinz Tomato And Chilli Pasta Sauce 350G,£2.00,£0.57/100g,£1.50 Save 25% Clubcard Price,(£0.43/100g),True,Offer valid for delivery from 16/04/2025 until 13/05/2025,False,4.4,43,False,https://www.tesco.com/groceries/en-GB/products/311666220,https://digitalcontent.api.tesco.com/v2/media/ghs/e0c6446e-9a52-4399-88fd-742a34f9fca7/805cf777-5854-4782-8b21-01f87bd99b30_1904743877.jpeg?h=225&w=225,Food Cupboard,"Cooking Sauces, Meal Kits & Sides"
258046591,Sharwood's Blackbean & Red Pepper Sauce 425G,£2.50,£0.59/100g,,,False,,False,2.6,9,False,https://www.tesco.com/groceries/en-GB/products/258046591,https://digitalcontent.api.tesco.com/v2/media/ghs/8ff22fd2-3818-4713-8628-55cf793c2a18/50bacb70-d04b-40db-80c2-6ea017ef9aab_288052087.jpeg?h=225&w=225,Food Cupboard,"Cooking Sauces, Meal Kits & Sides"
315149043,French's Smoky Southern Fries & Wedges Seasoning 20G,£1.20,£6.00/100g,80p Save 1/3 Clubcard Price,(£4.00/100g),True,Offer valid for delivery from 16/04/2025 until 13/05/2025,False,4.7,19,False,https://www.tesco.com/groceries/en-GB/products/315149043,https://digitalcontent.api.tesco.com/v2/media/ghs/5d7b990f-8868-4ca0-85cb-8cc8b204a46a/93c1d44c-15dc-4c78-a130-d8a1752301a9_1531529002.jpeg?h=225&w=225,Food Cupboard,"Cooking Sauces, Meal Kits & Sides"
315154537,French's Honey & Chipotle Fries & Wedges Seasoning 20G,£1.20,£6.00/100g,80p Save 1/3 Clubcard Price,(£4.00/100g),True,Offer valid for delivery from 16/04/2025 until 13/05/2025,False,4.8,20,False,https://www.tesco.com/groceries/en-GB/products/315154537,https://digitalcontent.api.tesco.com/v2/media/ghs/9192e2f6-bc32-43dc-aa67-7c5f1686e6e1/abc23520-e25a-4271-ae70-4723b295d19a_980713696.jpeg?h=225&w=225,Food Cupboard,"Cooking Sauces, Meal Kits & Sides"
314581689,Frank's RedHot Buffalo New York Style Cook-In-Bag 25G,£1.35,£5.40/100g,,,False,,False,4.9,20,False,https://www.tesco.com/groceries/en-GB/products/314581689,https://digitalcontent.api.tesco.com/v2/media/ghs/ad76d3e0-3450-49e2-a1ea-5147332fd126/b3483856-3e7c-4dcf-8da5-6616ca47ff3d_1752011728.jpeg?h=225&w=225,Food Cupboard,"Cooking Sauces, Meal Kits & Sides"
314927944,Frank's RedHot Sweet & Spicy Georgia Style Cook-In-Bag 25G,£1.35,£5.40/100g,,,False,,False,4.8,23,False,https://www.tesco.com/groceries/en-GB/products/314927944,https://digitalcontent.api.tesco.com/v2/media/ghs/700ca4ac-8dbf-4901-901d-b361a4844b9e/ebd5b9aa-0e18-464a-87ee-26923f46a186_110139935.jpeg?h=225&w=225,Food Cupboard,"Cooking Sauces, Meal Kits & Sides"
276732834,Lee Kum Kee Premium Light Soy Sauce 150Ml,£1.50,£1.00/100ml,,,False,,False,,2,False,https://www.tesco.com/groceries/en-GB/products/276732834,https://digitalcontent.api.tesco.com/v2/media/ghs/e2cc7911-e745-48ec-afef-9a4c1f9fa3bb/efa090ed-f195-42df-a34c-a9b288771070_1090278773.jpeg?h=225&w=225,Food Cupboard,"Cooking Sauces, Meal Kits & Sides"
301419729,Tesco Smoky Bbq Fajita Kit 475G,£1.75,£3.68/kg,,,False,,False,4.3,47,False,https://www.tesco.com/groceries/en-GB/products/301419729,https://digitalcontent.api.tesco.com/v2/media/ghs/0ca1ae23-0fc1-4bcc-946b-81817ff121a9/2962590f-30ca-4833-ab5f-fc7fd99015e4_668500284.jpeg?h=225&w=225,Food Cupboard,"Cooking Sauces, Meal Kits & Sides"
311423773,Filippo Berio Truffle Pesto 190G,£4.50,£2.37/100g,£3.50 Clubcard Price,(£1.84/100g),True,Offer valid for delivery from 16/04/2025 until 13/05/2025,False,,6,False,https://www.tesco.com/groceries/en-GB/products/311423773,https://digitalcontent.api.tesco.com/v2/media/ghs/040f0c3b-4cd8-445a-b12c-3b86f1db92d4/8b7eb77c-510f-410d-aec5-76aa4f39feed_947886666.jpeg?h=225&w=225,Food Cupboard,"Cooking Sauces, Meal Kits & Sides"
314709621,Al'fez Shawarama Kebab Wrap Kit 410G,£3.95,£0.96/100g,,,False,,False,4.9,25,False,https://www.tesco.com/groceries/en-GB/products/314709621,https://digitalcontent.api.tesco.com/v2/media/ghs/b61365cc-0593-4dfe-9237-fb2157f2772f/e0a775bc-5cbe-455f-a406-822f430dac67_1122278586.jpeg?h=225&w=225,Food Cupboard,"Cooking Sauces, Meal Kits & Sides"
314843432,Al'Fez Harissa Kebab Wrap Kit 410g,£3.95,£0.96/100g,,,False,,False,4.8,26,False,https://www.tesco.com/groceries/en-GB/products/314843432,https://digitalcontent.api.tesco.com/v2/media/ghs/151e6801-f99a-43dd-a1f9-8cb3713f4c7a/68ab9baf-9e39-4372-9981-869e6b9fea04_973371491.jpeg?h=225&w=225,Food Cupboard,"Cooking Sauces, Meal Kits & Sides"
303126935,Kikkoman Teriyaki Sauce Sesame 250Ml,£3.35,£1.34/100ml,,,False,,False,,9,False,https://www.tesco.com/groceries/en-GB/products/303126935,https://digitalcontent.api.tesco.com/v2/media/ghs/b3f91a38-4601-4972-8f64-563fcfbfc2c4/d182d64b-be8a-44bd-9a84-eb9f9eeb466d_1505777282.jpeg?h=225&w=225,Food Cupboard,"Cooking Sauces, Meal Kits & Sides"
311251031,Tesco Finest Vindaloo Curry Sauce 340G,£2.50,£0.74/100g,,,False,,False,4.3,24,False,https://www.tesco.com/groceries/en-GB/products/311251031,https://digitalcontent.api.tesco.com/v2/media/ghs/4ae7038c-3078-4017-ac40-bc75625c287a/92872003-f679-4924-8ea9-5d9baca7103b_533147485.jpeg?h=225&w=225,Food Cupboard,"Cooking Sauces, Meal Kits & Sides"
317046138,Capsicana Mexican Smoky Chipotle Fajita Kit 335g,£3.30,£0.98/100g,£2.75 Clubcard Price,(£0.82/100g),True,Offer valid for delivery from 31/03/2025 until 21/04/2025,False,4.6,30,False,https://www.tesco.com/groceries/en-GB/products/317046138,https://digitalcontent.api.tesco.com/v2/media/ghs/849e9cc3-05f3-44b2-aca7-76c7b38cc3e4/55ac1461-0e5f-4e7b-a380-c1df629ff865_110708339.jpeg?h=225&w=225,Food Cupboard,"Cooking Sauces, Meal Kits & Sides"
316944880,Las Chicas Mexican Fiery Crunchy Tinga Tostadas Tacos Meal Kit 296G,£3.20,£1.08/100g,£2.50 Clubcard Price,(£0.84/100g),True,Offer valid for delivery from 16/04/2025 until 13/05/2025,False,4.7,13,False,https://www.tesco.com/groceries/en-GB/products/316944880,https://digitalcontent.api.tesco.com/v2/media/ghs/c50bcfd9-c1d4-4bea-b380-388a53fd52fc/5b6afedc-abd4-4223-9a89-755f907be27a_1907467066.jpeg?h=225&w=225,Food Cupboard,"Cooking Sauces, Meal Kits & Sides"
316059695,Belazu Flavour Hacks Roasted Garlic 130g,£3.30,£2.54/100g,,,False,,False,,21,False,https://www.tesco.com/groceries/en-GB/products/316059695,https://digitalcontent.api.tesco.com/v2/media/ghs/0c920f5f-a9b4-4874-bdb0-e6bd20cf6564/f7920dfb-3266-440d-8840-7472eb3adccf_1679801645.jpeg?h=225&w=225,Food Cupboard,"Cooking Sauces, Meal Kits & Sides"
315961198,Belazu Flavour Hacks Caramelised Onion 130g,£3.30,£2.54/100g,,,False,,False,4.9,19,False,https://www.tesco.com/groceries/en-GB/products/315961198,https://digitalcontent.api.tesco.com/v2/media/ghs/009a1348-2aa7-4e5e-80b9-acabc902d277/fe1be75e-e771-4311-9fa0-05fde0a1b5c0_399929472.jpeg?h=225&w=225,Food Cupboard,"Cooking Sauces, Meal Kits & Sides"
317056604,"Capsicana Brazilian Tomato, Chilli & Coconut Fajita Kit 335g",£3.30,£0.98/100g,£2.75 Clubcard Price,(£0.82/100g),True,Offer valid for delivery from 31/03/2025 until 21/04/2025,False,4.8,60,False,https://www.tesco.com/groceries/en-GB/products/317056604,https://digitalcontent.api.tesco.com/v2/media/ghs/040a37e6-6843-4880-bba2-6deba846d06f/f97778d4-e79d-4b6d-96b5-32a06a713284_1997362987.jpeg?h=225&w=225,Food Cupboard,"Cooking Sauces, Meal Kits & Sides"
304415085,Sacla Bolognese Pasta Sauce With Pea Protein 350G,£3.00,£0.86/100g,,,False,,False,2.8,5,False,https://www.tesco.com/groceries/en-GB/products/304415085,https://digitalcontent.api.tesco.com/v2/media/ghs/61ce4495-9833-4237-bc18-e9865ac65087/19b21f3c-758a-4769-bcb0-a6cc339267ce_173189565.jpeg?h=225&w=225,Food Cupboard,"Cooking Sauces, Meal Kits & Sides"
313181496,Bisto 25% Less Salt Cheese Sauce Mix 185G,£3.00,£1.62/100g,,,False,,False,4.5,34,False,https://www.tesco.com/groceries/en-GB/products/313181496,https://digitalcontent.api.tesco.com/v2/media/ghs/11b670f7-e8b9-4adf-8a3c-117f7cb63948/7744c0d8-6249-4de6-b81d-889399041fd0_409628057.jpeg?h=225&w=225,Food Cupboard,"Cooking Sauces, Meal Kits & Sides"
304392450,Sacla Vegan Cheese Flavoured White Sauce With Soya 350G,£3.00,£0.86/100g,,,False,,False,2.4,20,False,https://www.tesco.com/groceries/en-GB/products/304392450,https://digitalcontent.api.tesco.com/v2/media/ghs/f734a2d2-7b5a-4bff-b066-d86640e56c57/206b87ba-63fb-4046-98a6-5922229563c0_358649927.jpeg?h=225&w=225,Food Cupboard,"Cooking Sauces, Meal Kits & Sides"
317055444,Old El Paso Street Vibes Soft Taco Kit - Al Pastor 257g,£3.20,£1.24/100g,QUORN & OLD EL PASO Meal Deal for £4.50 Clubcard Price - Buy 1 Quorn And 1 Old El Paso,,True,Offer valid for delivery from 01/04/2025 until 21/04/2025,False,4.2,62,False,https://www.tesco.com/groceries/en-GB/products/317055444,https://digitalcontent.api.tesco.com/v2/media/ghs/70e1645c-ca8b-4910-8486-f52ecfb86481/f01aa00d-aa06-41a5-83e8-f7958f21dd56_312226710.jpeg?h=225&w=225,Food Cupboard,"Cooking Sauces, Meal Kits & Sides"
317310465,Schwartz Air Fry Veggilicious Seasoning 125g,£2.30,£0.18/10g,,,False,,False,4.8,11,False,https://www.tesco.com/groceries/en-GB/products/317310465,https://digitalcontent.api.tesco.com/v2/media/ghs/51cc3d48-2042-4bfb-bc6b-8c683024c3e6/adeb75af-dd86-4794-8805-6da40f2e12dc_1795572342.jpeg?h=225&w=225,Food Cupboard,"Cooking Sauces, Meal Kits & Sides"
317421178,Schwartz Air Fry Bangin Chicken Seasoning 140g,£2.30,£0.16/10g,,,False,,False,4.8,13,False,https://www.tesco.com/groceries/en-GB/products/317421178,https://digitalcontent.api.tesco.com/v2/media/ghs/9eceb9c9-8c7d-4fc0-97ee-edb16a3b2a6a/ae5c427c-beba-4042-832d-059a12d150bb_303212070.jpeg?h=225&w=225,Food Cupboard,"Cooking Sauces, Meal Kits & Sides"
313011042,Patak's Mild Spice Paste 135G,£2.35,£1.74/100g,£2.00 Clubcard Price,(£1.48/100g),True,Offer valid for delivery from 16/04/2025 until 10/06/2025,False,,1,False,https://www.tesco.com/groceries/en-GB/products/313011042,https://digitalcontent.api.tesco.com/v2/media/ghs/c05ed47d-7d15-48c3-bff7-d87617b560f6/05cd8c45-99ae-4477-b2c1-80f81e967c94_1701048665.jpeg?h=225&w=225,Food Cupboard,"Cooking Sauces, Meal Kits & Sides"
316938818,Schwartz Air Fry Cheesy Chips Seasoning 140g,£2.30,£0.16/10g,,,False,,False,3.8,16,False,https://www.tesco.com/groceries/en-GB/products/316938818,https://digitalcontent.api.tesco.com/v2/media/ghs/84bed37e-144f-4d65-9b6f-d3f19ce5418c/4c70c70f-dec0-46da-92db-cbaf1b15fc4b_1238448477.jpeg?h=225&w=225,Food Cupboard,"Cooking Sauces, Meal Kits & Sides"
296829114,Street Kitchen Asian Stir-Fry Kit Kung Pao Chicken 255g,£3.00,£11.76/kg,,,False,,False,,3,False,https://www.tesco.com/groceries/en-GB/products/296829114,https://digitalcontent.api.tesco.com/v2/media/ghs/f4667cfc-3232-446b-8999-594950f2e0b4/ee951358-977d-4cdf-b7dd-a2692857f8d7_1720815970.jpeg?h=225&w=225,Food Cupboard,"Cooking Sauces, Meal Kits & Sides"
313004460,Patak's Medium Spice Paste 135G,£2.35,£1.74/100g,£2.00 Clubcard Price,(£1.48/100g),True,Offer valid for delivery from 16/04/2025 until 10/06/2025,False,,,False,https://www.tesco.com/groceries/en-GB/products/313004460,https://digitalcontent.api.tesco.com/v2/media/ghs/9ed0b5af-3a20-4f82-a39e-fd9fd3c63292/37bb57cf-822f-4ca5-a999-93a86700943a_1851953724.jpeg?h=225&w=225,Food Cupboard,"Cooking Sauces, Meal Kits & Sides"
312717378,Patak's Hot Spice Paste 135G,£2.35,£1.74/100g,£2.00 Clubcard Price,(£1.48/100g),True,Offer valid for delivery from 16/04/2025 until 10/06/2025,False,,,False,https://www.tesco.com/groceries/en-GB/products/312717378,https://digitalcontent.api.tesco.com/v2/media/ghs/f9c9be12-1801-4610-865b-2cbb07200217/99623ead-559e-496b-a32e-184bad11e2c1_1636737354.jpeg?h=225&w=225,Food Cupboard,"Cooking Sauces, Meal Kits & Sides"
301064089,Blue Dragon 3 Step Katsu Curry330g,£3.10,£9.39/kg,£2.50 Clubcard Price,(£7.58/kg),True,Offer valid for delivery from 19/03/2025 until 21/04/2025,False,4.2,41,False,https://www.tesco.com/groceries/en-GB/products/301064089,https://digitalcontent.api.tesco.com/v2/media/ghs/a551703b-6309-44fb-905b-a1f4bba34e90/8406bb08-34c2-4e55-8f17-60987645f339_1317139572.jpeg?h=225&w=225,Food Cupboard,"Cooking Sauces, Meal Kits & Sides"
311252220,Bens Plant Powered Bean Chilli Non Carne 285g,£2.50,£8.77/kg,£1.75 Clubcard Price,(£6.14/kg),True,Offer valid for delivery from 16/04/2025 until 13/05/2025,False,4.4,143,False,https://www.tesco.com/groceries/en-GB/products/311252220,https://digitalcontent.api.tesco.com/v2/media/ghs/6fce85e8-daf1-4424-ad9c-4ba81f113ec7/7e512688-d729-4bed-9e92-4124e57bc62a_329463125.jpeg?h=225&w=225,Food Cupboard,"Cooking Sauces, Meal Kits & Sides"
311667357,Bens Plant Powered Tikka Masala Curry 285g,£2.50,£8.77/kg,£1.75 Clubcard Price,(£6.14/kg),True,Offer valid for delivery from 16/04/2025 until 13/05/2025,False,4.3,95,False,https://www.tesco.com/groceries/en-GB/products/311667357,https://digitalcontent.api.tesco.com/v2/media/ghs/c5ace662-a85b-4e99-891e-0d3bce93c666/ff3a914b-1ca6-4dc1-9076-521e39e1253f_2053138547.jpeg?h=225&w=225,Food Cupboard,"Cooking Sauces, Meal Kits & Sides"
257219325,Mc Donnells Curry Sauce 250G,£3.50,£1.40/100g,,,False,,False,3.8,8,False,https://www.tesco.com/groceries/en-GB/products/257219325,https://digitalcontent.api.tesco.com/v2/media/ghs/f06502f1-16d6-4cdd-8492-1a0a0fd2d8c3/898b4a37-088e-40da-927f-48ecdf3409c0_1054962202.jpeg?h=225&w=225,Food Cupboard,"Cooking Sauces, Meal Kits & Sides"
312711718,Tesco Tomato & Chilli Stir In Sauce 155G,£1.30,£0.84/100g,,,False,,False,4.8,10,False,https://www.tesco.com/groceries/en-GB/products/312711718,https://digitalcontent.api.tesco.com/v2/media/ghs/c63b3f46-32f2-47f3-8a45-945afc7c126d/ee83f443-c7c8-4d54-9eec-e5aeb8685249_1971250769.jpeg?h=225&w=225,Food Cupboard,"Cooking Sauces, Meal Kits & Sides"
316942035,Dolmio Meatballs Tomato & Basil Sauce 450g,£2.50,£0.56/100g,,,False,,False,4.2,56,False,https://www.tesco.com/groceries/en-GB/products/316942035,https://digitalcontent.api.tesco.com/v2/media/ghs/878af0fd-e2cc-4f01-8e59-6c29dd871be7/14905ef1-ae62-459c-b445-f1fd6ee107d6_1734320463.jpeg?h=225&w=225,Food Cupboard,"Cooking Sauces, Meal Kits & Sides"
317059958,"Dolmio Intensify Pasta Sauce Mild Mascarpone, Sundried Tomato and Intense Herbs 400g",£2.50,£0.62/100g,,,False,,False,4.4,33,False,https://www.tesco.com/groceries/en-GB/products/317059958,https://digitalcontent.api.tesco.com/v2/media/ghs/2b474041-917d-4101-9f2c-daf023e99458/03c8777a-00ef-4205-afd8-eabe35af2c01_1107971173.jpeg?h=225&w=225,Food Cupboard,"Cooking Sauces, Meal Kits & Sides"
251795098,Tesco Medium Taco Kit 275G,£1.75,£6.36/kg,,,False,,False,4.6,18,False,https://www.tesco.com/groceries/en-GB/products/251795098,https://digitalcontent.api.tesco.com/v2/media/ghs/68867aa4-55c4-4157-a575-84b1ea05cc5d/ac474bd5-fd01-4da5-b537-8905a0988ef5_2036583436.jpeg?h=225&w=225,Food Cupboard,"Cooking Sauces, Meal Kits & Sides"
317202271,Maggi Air Fryer Shawarma 25g,£0.70,£28.00/kg,,,False,,False,,1,False,https://www.tesco.com/groceries/en-GB/products/317202271,https://digitalcontent.api.tesco.com/v2/media/ghs/ca813265-74a7-4933-b320-c11f16f49edb/d7e9af74-ba3f-4e55-91cd-1dfa3154ebf9_1278156503.jpeg?h=225&w=225,Food Cupboard,"Cooking Sauces, Meal Kits & Sides"
317314227,Maggi Air Fryer Fajita 27g,£0.70,£25.93/kg,,,False,,False,4.2,4,False,https://www.tesco.com/groceries/en-GB/products/317314227,https://digitalcontent.api.tesco.com/v2/media/ghs/254a08c2-76f0-4558-ada6-6efcc6cbe65d/e0d017f5-e93d-405c-bc1f-6e089e11ee17_208845980.jpeg?h=225&w=225,Food Cupboard,"Cooking Sauces, Meal Kits & Sides"
317289098,Maggi Air Fryer Piri PirI 27g,£0.70,£25.93/kg,,,False,,False,,,False,https://www.tesco.com/groceries/en-GB/products/317289098,https://digitalcontent.api.tesco.com/v2/media/ghs/b7a0b4c9-a64a-4b83-9389-abcd9a5d0be3/a24bfb8f-f401-4e00-bc1e-073df0c4fec5_1010092049.jpeg?h=225&w=225,Food Cupboard,"Cooking Sauces, Meal Kits & Sides"
307154941,Tesco Green Thai Curry Cooking Sauce 340G,£1.20,£0.35/100g,,,False,,False,4.1,54,False,https://www.tesco.com/groceries/en-GB/products/307154941,https://digitalcontent.api.tesco.com/v2/media/ghs/f6c140fb-0041-4ebb-8a7d-797ebdcb4e5d/8cd8f519-4fc1-4ccd-a3a9-1e3d5a4f715a_2091533382.jpeg?h=225&w=225,Food Cupboard,"Cooking Sauces, Meal Kits & Sides"
251794888,Tesco Mild Nachos Meal Kit 500G,£1.75,£3.50/kg,,,False,,False,4.5,28,False,https://www.tesco.com/groceries/en-GB/products/251794888,https://digitalcontent.api.tesco.com/v2/media/ghs/6438fa03-3134-41ec-b896-0019f6abeb7f/608ebabe-a6a7-4a61-acf3-66594310e816_1735895866.jpeg?h=225&w=225,Food Cupboard,"Cooking Sauces, Meal Kits & Sides"
316798614,Dolmio Lasagne Creamy White Pasta Sauce 655g,£3.00,£0.46/100g,,,False,,False,4.6,108,False,https://www.tesco.com/groceries/en-GB/products/316798614,https://digitalcontent.api.tesco.com/v2/media/ghs/6464b0e5-979b-4fa0-a7d1-fb5eaccb8205/76fdb89c-311c-49e9-8db6-af557a45d538_968111702.jpeg?h=225&w=225,Food Cupboard,"Cooking Sauces, Meal Kits & Sides"
316790283,Dolmio Lasagne Red Tomato Pasta Sauce 675g,£3.00,£0.44/100g,,,False,,False,4.6,68,False,https://www.tesco.com/groceries/en-GB/products/316790283,https://digitalcontent.api.tesco.com/v2/media/ghs/8a307732-299e-4262-8b21-16a2f788e48e/c5015095-8a08-47e3-9559-2050d8bc081e_1919350290.jpeg?h=225&w=225,Food Cupboard,"Cooking Sauces, Meal Kits & Sides"
317417869,Amoy Korean Fried Chicken Rice Meal Kit 207g,£3.50,£1.69/100g,£2.30 Save 1/3 Clubcard Price,(£1.11/100g),True,Offer valid for delivery from 16/04/2025 until 13/05/2025,False,4.8,42,False,https://www.tesco.com/groceries/en-GB/products/317417869,https://digitalcontent.api.tesco.com/v2/media/ghs/e8879511-64be-44d5-851d-908a0e087387/5209358e-1d15-45b3-87c2-001fcd82d3f9_1943174549.jpeg?h=225&w=225,Food Cupboard,"Cooking Sauces, Meal Kits & Sides"
314839991,Patak's Madras Spicy & Tangy Curry Kit 270G,£3.00,£11.11/kg,,,False,,False,,2,False,https://www.tesco.com/groceries/en-GB/products/314839991,https://digitalcontent.api.tesco.com/v2/media/ghs/84eb71e8-03a1-4f79-9a6e-3242635b7802/351aad79-3e1c-4884-b930-d2507ba90e6f_776645094.jpeg?h=225&w=225,Food Cupboard,"Cooking Sauces, Meal Kits & Sides"
317414538,Capsicana Mexican Chilli & Honey Fajita Kit 335g,£3.30,£0.98/100g,£2.75 Clubcard Price,(£0.82/100g),True,Offer valid for delivery from 31/03/2025 until 21/04/2025,False,4.8,25,False,https://www.tesco.com/groceries/en-GB/products/317414538,https://digitalcontent.api.tesco.com/v2/media/ghs/b10e3b97-09af-4762-bcdb-e5b6d234f868/3d899e39-b363-4d30-a28f-aff94b12542a_495036309.jpeg?h=225&w=225,Food Cupboard,"Cooking Sauces, Meal Kits & Sides"
316939656,Blue Dragon Bang Bang Chicken Meal Kit 172g,£3.20,£1.86/100g,£2.50 Clubcard Price,(£1.45/100g),True,Offer valid for delivery from 19/03/2025 until 21/04/2025,False,,,False,https://www.tesco.com/groceries/en-GB/products/316939656,https://digitalcontent.api.tesco.com/v2/media/ghs/2300501f-e057-4d05-90c1-0a77bb2a6217/d4bed3b7-709e-405d-9f50-16e86042300c_695727463.jpeg?h=225&w=225,Food Cupboard,"Cooking Sauces, Meal Kits & Sides"
316802432,Heinz Creamy White Sauce 470g,£3.00,£0.64/100g,,,False,,False,4.6,31,False,https://www.tesco.com/groceries/en-GB/products/316802432,https://digitalcontent.api.tesco.com/v2/media/ghs/eae7d09b-c0be-4256-9cdb-8ae10a29688f/a6144813-3fb8-4860-8eaa-5337fc4611e6_1033039717.jpeg?h=225&w=225,Food Cupboard,"Cooking Sauces, Meal Kits & Sides"
316801491,Gran Luchito Ancho BBQ Fajita and Taco Mix 52g,£3.00,£5.77/100g,,,False,,False,,,False,https://www.tesco.com/groceries/en-GB/products/316801491,https://digitalcontent.api.tesco.com/v2/media/ghs/945c8ecd-9228-49e9-b7a5-178b2dd2881e/e2668bdc-73df-429a-a8d6-3363fa984976_964818141.jpeg?h=225&w=225,Food Cupboard,"Cooking Sauces, Meal Kits & Sides"
316791472,Gran Luchito Chipotle Fajita & Taco Mix 30g,£3.00,£10.00/100g,,,False,,False,,,False,https://www.tesco.com/groceries/en-GB/products/316791472,https://digitalcontent.api.tesco.com/v2/media/ghs/048163c4-9790-4347-9781-b00bd37de05a/c62f4615-5892-49bc-8276-9c5f2aa0b9aa_947911314.jpeg?h=225&w=225,Food Cupboard,"Cooking Sauces, Meal Kits & Sides"
316073337,Sun Hee Udon Noodle Bowl - Sesame Teriyaki 240g,£2.20,£9.17/kg,£1.95 Clubcard Price,(£8.13/kg),True,Offer valid for delivery from 18/04/2025 until 11/06/2025,False,4.4,5,False,https://www.tesco.com/groceries/en-GB/products/316073337,https://digitalcontent.api.tesco.com/v2/media/ghs/ce7fdb1b-70f7-4ec0-bf33-201ae1b4b64a/be87d2ed-95c0-4ee1-975c-b6a20983846d_1032985355.jpeg?h=225&w=225,Food Cupboard,"Cooking Sauces, Meal Kits & Sides"
315466387,Sun Hee - Gochujang Udon Noodle Bowl 240g,£2.20,£9.17/kg,£1.95 Clubcard Price,(£8.13/kg),True,Offer valid for delivery from 18/04/2025 until 11/06/2025,False,,4,False,https://www.tesco.com/groceries/en-GB/products/315466387,https://digitalcontent.api.tesco.com/v2/media/ghs/64724eec-2cb8-4f4e-a6cc-5f4c43cc9c01/dde0dcd0-bba3-42d9-b07d-c7e269200c1c_1065799387.jpeg?h=225&w=225,Food Cupboard,"Cooking Sauces, Meal Kits & Sides"
316065249,Sun Hee Udon Noodle Bowl - Sweet & Sour 240g,£2.20,£9.17/kg,£1.95 Clubcard Price,(£8.13/kg),True,Offer valid for delivery from 18/04/2025 until 11/06/2025,False,4.2,5,False,https://www.tesco.com/groceries/en-GB/products/316065249,https://digitalcontent.api.tesco.com/v2/media/ghs/1e608a95-d9d4-4b9c-92c0-8fedb8107fb4/534c7e5c-9458-42eb-868b-5f3e7323be75_470700726.jpeg?h=225&w=225,Food Cupboard,"Cooking Sauces, Meal Kits & Sides"
317538789,Las Chicas Mexican Zesty Tacos Pibil Meal Kit 296G,£3.20,£1.08/100g,£2.50 Clubcard Price,(£0.84/100g),True,Offer valid for delivery from 16/04/2025 until 13/05/2025,False,3.9,20,False,https://www.tesco.com/groceries/en-GB/products/317538789,https://digitalcontent.api.tesco.com/v2/media/ghs/12f1d68d-ba88-4b62-bb1f-24e02eb8fffc/b2d7bda3-2322-4cd4-abe5-076489462f0c_1702950266.jpeg?h=225&w=225,Food Cupboard,"Cooking Sauces, Meal Kits & Sides"
317411227,Las Chicas Mexican Tacos Al Pastor Meal Kit 296G,£3.20,£1.08/100g,£2.50 Clubcard Price,(£0.84/100g),True,Offer valid for delivery from 16/04/2025 until 13/05/2025,False,4.5,22,False,https://www.tesco.com/groceries/en-GB/products/317411227,https://digitalcontent.api.tesco.com/v2/media/ghs/5cca5cc6-36d9-4395-8009-837f90edc2f7/b47a270b-c3bb-4341-abc3-3892dad314e9_1826256732.jpeg?h=225&w=225,Food Cupboard,"Cooking Sauces, Meal Kits & Sides"
317069407,Old El Paso Soft Taco Street Vibes Barbacoa Meal Kit 255G,£3.20,£1.26/100g,QUORN & OLD EL PASO Meal Deal for £4.50 Clubcard Price - Buy 1 Quorn And 1 Old El Paso,,True,Offer valid for delivery from 01/04/2025 until 21/04/2025,False,4.5,68,False,https://www.tesco.com/groceries/en-GB/products/317069407,https://digitalcontent.api.tesco.com/v2/media/ghs/39fe90ca-ff8a-4f46-a38e-5581dda0e625/40857d84-2ffa-4cfe-9c44-c145cc009299_5271123.jpeg?h=225&w=225,Food Cupboard,"Cooking Sauces, Meal Kits & Sides"
314311707,Simply Cook Nasi Goreng Recipe Kit 71g,£2.50,£3.52/100g,,,False,,False,,,False,https://www.tesco.com/groceries/en-GB/products/314311707,https://digitalcontent.api.tesco.com/v2/media/ghs/57483fe7-ac00-4aa5-a414-c279e368498c/e2b7c52e-808b-4be5-b04d-7daf9dd67ba3_1938189479.jpeg?h=225&w=225,Food Cupboard,"Cooking Sauces, Meal Kits & Sides"
316638868,Gran Luchito Fajita Wraps 320g,£1.95,£0.61/100g,,,False,,False,,1,False,https://www.tesco.com/groceries/en-GB/products/316638868,https://digitalcontent.api.tesco.com/v2/media/ghs/07c3fe2f-63a7-4c54-8d3e-601bf1380a3d/4d902dcc-b70f-4453-a926-05df6dc3f206_1808281428.jpeg?h=225&w=225,Food Cupboard,"Cooking Sauces, Meal Kits & Sides"
312580336,Ben's Original Nasi Goreng One Pan Rice Meal 250g,£2.00,£8.00/kg,£1.50 Save 25% Clubcard Price,(£6.00/kg),True,Offer valid for delivery from 16/04/2025 until 13/05/2025,False,3.9,181,False,https://www.tesco.com/groceries/en-GB/products/312580336,https://digitalcontent.api.tesco.com/v2/media/ghs/2dbd9ce6-fc75-4450-82ba-d7bfeab0111a/696a8bdf-3650-4679-851b-1ba6592942a4_200991499.jpeg?h=225&w=225,Food Cupboard,"Cooking Sauces, Meal Kits & Sides"
312849481,Ben's Original Spanish Paella One Pan Rice Meal 250g,£2.00,£8.00/kg,£1.50 Save 25% Clubcard Price,(£6.00/kg),True,Offer valid for delivery from 16/04/2025 until 13/05/2025,False,4.2,145,False,https://www.tesco.com/groceries/en-GB/products/312849481,https://digitalcontent.api.tesco.com/v2/media/ghs/3a83c698-9d38-410d-8232-e8b87b6ec5d3/e7fd7e20-fcb7-4638-917b-33a578861367_2104531953.jpeg?h=225&w=225,Food Cupboard,"Cooking Sauces, Meal Kits & Sides"
312846576,Ben's Original Szechuan Fried Rice One Pan Rice Meal 250g,£2.00,£8.00/kg,£1.50 Save 25% Clubcard Price,(£6.00/kg),True,Offer valid for delivery from 16/04/2025 until 13/05/2025,False,4.1,125,False,https://www.tesco.com/groceries/en-GB/products/312846576,https://digitalcontent.api.tesco.com/v2/media/ghs/5ea1a76f-8018-49f5-9b31-419b6e00c909/21c79c45-8555-4baf-96cc-82afb42918c9_473266165.jpeg?h=225&w=225,Food Cupboard,"Cooking Sauces, Meal Kits & Sides"
312346091,Ben's Original Indian Biryani One Pan Rice Meal 250g,£2.00,£8.00/kg,£1.50 Save 25% Clubcard Price,(£6.00/kg),True,Offer valid for delivery from 16/04/2025 until 13/05/2025,False,4.1,165,False,https://www.tesco.com/groceries/en-GB/products/312346091,https://digitalcontent.api.tesco.com/v2/media/ghs/793851cc-022c-4387-a3dc-a5713d775c17/bc26b3d3-6d7a-4448-9c9a-341429061326_584114113.jpeg?h=225&w=225,Food Cupboard,"Cooking Sauces, Meal Kits & Sides"
317053383,Tesco Chicken Chorizo Pasta Flavour Kit 28g,£1.85,£6.61/100g,,,False,,False,,3,False,https://www.tesco.com/groceries/en-GB/products/317053383,https://digitalcontent.api.tesco.com/v2/media/ghs/d09c0673-c4ce-4c29-862b-2e0b4c45cd5b/f6a78f75-39b4-491f-970d-46a31c250cde.jpeg?h=225&w=225,Food Cupboard,"Cooking Sauces, Meal Kits & Sides"
316943837,Tesco Indo Chinese Style Chilli Chicken Flavour Kit 34g,£1.85,£5.44/100g,,,False,,False,,1,False,https://www.tesco.com/groceries/en-GB/products/316943837,https://digitalcontent.api.tesco.com/v2/media/ghs/ec8a7600-44ee-4eb1-b5ce-3481bfb6f88f/663d4d7d-6366-4e3e-bf07-187fea070e18_1844338684.jpeg?h=225&w=225,Food Cupboard,"Cooking Sauces, Meal Kits & Sides"
317189343,Tesco Tandoori Chicken Naan Flavour Kit 37g,£1.85,£5.00/100g,,,False,,False,,1,False,https://www.tesco.com/groceries/en-GB/products/317189343,https://digitalcontent.api.tesco.com/v2/media/ghs/58891323-09eb-436c-a2b7-ddfc6e41ce59/8c2c418e-092f-474d-8baf-f3f87e6bdf64.jpeg?h=225&w=225,Food Cupboard,"Cooking Sauces, Meal Kits & Sides"
316788062,Tesco Biryani Flavour Kit 44g,£1.85,£4.20/100g,,,False,,False,,10,False,https://www.tesco.com/groceries/en-GB/products/316788062,https://digitalcontent.api.tesco.com/v2/media/ghs/daca347d-a2f0-4bd4-93e7-391188c8d565/2bb4d1f3-78e6-4cff-b990-495486107ba5_295971914.jpeg?h=225&w=225,Food Cupboard,"Cooking Sauces, Meal Kits & Sides"
317302538,Tesco Laksa Flavour Kit 31g,£1.85,£5.97/100g,,,False,,False,,2,False,https://www.tesco.com/groceries/en-GB/products/317302538,https://digitalcontent.api.tesco.com/v2/media/ghs/9c036a2e-0edb-4ed5-aa18-f54a4da91229/7aaa3ef8-f439-4893-9c17-aba502d3ad84.jpeg?h=225&w=225,Food Cupboard,"Cooking Sauces, Meal Kits & Sides"
317305408,Tesco Gyros Flavour Kit 40g,£1.85,£4.62/100g,,,False,,False,,2,False,https://www.tesco.com/groceries/en-GB/products/317305408,https://digitalcontent.api.tesco.com/v2/media/ghs/06007c7e-ab64-4fd0-a012-3b5c3ee58b8b/a0c8930f-2d64-4e0e-b39b-afe3504a4944_1261582133.jpeg?h=225&w=225,Food Cupboard,"Cooking Sauces, Meal Kits & Sides"
312996207,Tesco Finest Three Cheese Concentrated Sauce 260G,£2.00,£0.77/100g,,,False,,False,3.2,27,False,https://www.tesco.com/groceries/en-GB/products/312996207,https://digitalcontent.api.tesco.com/v2/media/ghs/560bc084-8bdd-4290-8310-653d15c495ba/47f337c5-cb25-47a9-b582-6eae27407215_836154761.jpeg?h=225&w=225,Food Cupboard,"Cooking Sauces, Meal Kits & Sides"
316949310,Dolmio Pasta Bake Sauce Carbonara 430g,£2.50,£0.58/100g,,,False,,False,4.3,83,False,https://www.tesco.com/groceries/en-GB/products/316949310,https://digitalcontent.api.tesco.com/v2/media/ghs/0c698292-4094-4819-91f8-9512f60b9ebe/782a3a14-a962-4ec0-bfb1-0c876b16af84_1851427554.jpeg?h=225&w=225,Food Cupboard,"Cooking Sauces, Meal Kits & Sides"
316790692,Dolmio Creamy Lasagne Sauce 440g,£2.50,£0.57/100g,,,False,,False,4.5,78,False,https://www.tesco.com/groceries/en-GB/products/316790692,https://digitalcontent.api.tesco.com/v2/media/ghs/f90c4a11-de8a-4ae7-80f6-69098c76e757/b785a15b-13ed-4234-8c53-9934360daf8d_845260755.jpeg?h=225&w=225,Food Cupboard,"Cooking Sauces, Meal Kits & Sides"
316785664,Dolmio Light Creamy Lasagne Sauce 440g,£2.50,£0.57/100g,,,False,,False,4.3,81,False,https://www.tesco.com/groceries/en-GB/products/316785664,https://digitalcontent.api.tesco.com/v2/media/ghs/9004bb5c-1b97-4940-885a-21ed957f3e88/9a061d05-8494-4702-8ba4-9997ce6a70d7_320935526.jpeg?h=225&w=225,Food Cupboard,"Cooking Sauces, Meal Kits & Sides"
316932168,Dolmio Lasagne Red Tomato Pasta Sauce 450g,£2.50,£0.56/100g,,,False,,False,4.7,71,False,https://www.tesco.com/groceries/en-GB/products/316932168,https://digitalcontent.api.tesco.com/v2/media/ghs/ff936f28-ebed-4292-aa54-3831a7ba7549/252a96b5-42dd-4e2e-8092-c303e6292a69_607647471.jpeg?h=225&w=225,Food Cupboard,"Cooking Sauces, Meal Kits & Sides"
317284457,Schwartz Nadiya Durban Chicken Tray Bake Recipe Mix 25g,£1.10,£4.40/100g,Any 4 for £2.45 Clubcard Price - Selected Schwartz Recipe Mix,,True,Offer valid for delivery from 19/02/2025 until 09/07/2025,False,4.9,15,False,https://www.tesco.com/groceries/en-GB/products/317284457,https://digitalcontent.api.tesco.com/v2/media/ghs/0ad2f99e-3720-46db-adf8-e4640355adef/23f30afb-0c00-41b4-9077-4dc1e96817a1_393041571.jpeg?h=225&w=225,Food Cupboard,"Cooking Sauces, Meal Kits & Sides"
316065353,Patak's Curry Creations Tikka Masala Sauce Kit 160g,£4.00,£25.00/kg,,,False,,False,4.8,41,False,https://www.tesco.com/groceries/en-GB/products/316065353,https://digitalcontent.api.tesco.com/v2/media/ghs/8e79f83f-e7af-4b72-8522-5d67333113e8/e957f22e-bc75-483d-8bb7-a8bec300aa25_622160824.jpeg?h=225&w=225,Food Cupboard,"Cooking Sauces, Meal Kits & Sides"
316069752,Patak's Curry Creations Jalfrezi Sauce Kit 160g,£4.00,£25.00/kg,,,False,,False,4.8,33,False,https://www.tesco.com/groceries/en-GB/products/316069752,https://digitalcontent.api.tesco.com/v2/media/ghs/83ba4a0b-5892-4420-bebd-a8c0cd006f94/ad35df15-c2fd-4f41-8d32-f14fc0363bc1_1166888308.jpeg?h=225&w=225,Food Cupboard,"Cooking Sauces, Meal Kits & Sides"
315843148,Patak's Curry Creations Korma Sauce Kit 160g,£4.00,£25.00/kg,,,False,,False,4.6,23,False,https://www.tesco.com/groceries/en-GB/products/315843148,https://digitalcontent.api.tesco.com/v2/media/ghs/9602f13b-4e13-4cb2-a60c-02fea2c85cac/b45db20d-a255-448c-812f-3ff809979313_1771793070.jpeg?h=225&w=225,Food Cupboard,"Cooking Sauces, Meal Kits & Sides"
317557829,Filippo Berio Classic Pesto 350g,£4.50,£1.29/100g,,,False,,False,,,False,https://www.tesco.com/groceries/en-GB/products/317557829,https://digitalcontent.api.tesco.com/v2/media/ghs/ead62eea-b475-4fca-97a0-64b14b226bf5/ded95be6-46f2-485e-94ba-5b53890bb257_442744500.jpeg?h=225&w=225,Food Cupboard,"Cooking Sauces, Meal Kits & Sides"
317205348,Heinz Classic Tomato Sauce 490g,£3.00,£0.61/100g,,,False,,False,4.8,29,False,https://www.tesco.com/groceries/en-GB/products/317205348,https://digitalcontent.api.tesco.com/v2/media/ghs/8e81f3d3-00ef-49e9-9d0b-37bbe1ef240c/70180c13-da49-4d9e-986a-aab6f412ae96_1089734283.jpeg?h=225&w=225,Food Cupboard,"Cooking Sauces, Meal Kits & Sides"
315857437,Aagrah Kashmiri Korma Paste 270g,£3.30,£1.22/100g,,,False,,False,4.1,35,False,https://www.tesco.com/groceries/en-GB/products/315857437,https://digitalcontent.api.tesco.com/v2/media/ghs/a5c64613-fe21-460c-b76d-977c06cbab88/a3046c5e-1117-40f2-96a8-5ac460310851_2067842795.jpeg?h=225&w=225,Food Cupboard,"Cooking Sauces, Meal Kits & Sides"
315976872,Aagrah Tikka Masala Tarka Paste 270g,£3.30,£1.22/100g,,,False,,False,4.4,37,False,https://www.tesco.com/groceries/en-GB/products/315976872,https://digitalcontent.api.tesco.com/v2/media/ghs/3ad08163-0441-40ea-a14f-96b9e8aa7a1f/d54453ad-2693-4473-93cd-183842276783_1326174954.jpeg?h=225&w=225,Food Cupboard,"Cooking Sauces, Meal Kits & Sides"
283964497,Sacla Tomato Pesto Gluten Free 190G,£3.10,£1.63/100g,,,False,,False,,,False,https://www.tesco.com/groceries/en-GB/products/283964497,https://digitalcontent.api.tesco.com/v2/media/ghs/917a10fb-3633-4a21-bb7a-08c0bb0978ff/56da4ef8-dceb-4103-860a-394962f2e818_1307677284.jpeg?h=225&w=225,Food Cupboard,"Cooking Sauces, Meal Kits & Sides"
317047877,Gran Luchito Pineapple Chipotle Sauce 260g,£3.50,£1.35/100g,,,False,,False,,1,False,https://www.tesco.com/groceries/en-GB/products/317047877,https://digitalcontent.api.tesco.com/v2/media/ghs/c3449022-2562-456e-aaff-2b166abfef34/e9977064-104f-4514-b92b-582fd704f75b_1460022932.jpeg?h=225&w=225,Food Cupboard,"Cooking Sauces, Meal Kits & Sides"
315953536,Sun Hee Teriyaki Sauce 300g,£2.75,£0.92/100g,,,False,,False,,4,False,https://www.tesco.com/groceries/en-GB/products/315953536,https://digitalcontent.api.tesco.com/v2/media/ghs/416868b6-4bec-4ce8-b869-997125848a15/80197791-08df-4f04-89ef-4824a1d6c2bc_1525993690.jpeg?h=225&w=225,Food Cupboard,"Cooking Sauces, Meal Kits & Sides"
317294523,Loyd Grossman Pesto Alla Genovese 190g,£2.90,£1.53/100g,£1.90 Save 1/3 Clubcard Price,(£1.00/100g),True,Offer valid for delivery from 16/04/2025 until 13/05/2025,False,4.7,38,False,https://www.tesco.com/groceries/en-GB/products/317294523,https://digitalcontent.api.tesco.com/v2/media/ghs/fddc1b89-5c3d-4d55-8ae7-29d220fdb259/502f33e2-3d15-4573-ae65-4711ab9061bd_74582461.jpeg?h=225&w=225,Food Cupboard,"Cooking Sauces, Meal Kits & Sides"
317402610,Las Chicas Fiery Chipotle Tinga Cooking Paste 100g,£3.00,£3.00/100g,£2.30 Clubcard Price,(£2.30/100g),True,Offer valid for delivery from 16/04/2025 until 13/05/2025,False,4.5,45,False,https://www.tesco.com/groceries/en-GB/products/317402610,https://digitalcontent.api.tesco.com/v2/media/ghs/d1553211-6284-4289-a6d9-346959951fec/bbc0c659-d425-439a-991b-b53803d6dfb8_828282090.jpeg?h=225&w=225,Food Cupboard,"Cooking Sauces, Meal Kits & Sides"
316304739,Blue Dragon Sweet Teriyaki Sauce 250ml,£2.40,£0.96/100ml,,,False,,False,4.9,13,False,https://www.tesco.com/groceries/en-GB/products/316304739,https://digitalcontent.api.tesco.com/v2/media/ghs/5310c143-671b-47fa-943e-9958e24f82de/c851e854-0e86-47c7-8d0b-b399b7665f46_1410798896.jpeg?h=225&w=225,Food Cupboard,"Cooking Sauces, Meal Kits & Sides"
317404959,Las Chicas Pibil Mexican Cooking Paste Zesty Achiote 95g,£3.00,£3.16/100g,£2.30 Clubcard Price,(£2.42/100g),True,Offer valid for delivery from 16/04/2025 until 13/05/2025,False,4.7,34,False,https://www.tesco.com/groceries/en-GB/products/317404959,https://digitalcontent.api.tesco.com/v2/media/ghs/2d3c78b8-5931-4a27-985a-1b3713f6e8ee/94c4651c-b779-40d0-9a44-c32c652e7f40_1534570055.jpeg?h=225&w=225,Food Cupboard,"Cooking Sauces, Meal Kits & Sides"
315392796,Blue Dragon Mirin Seasoning 150Ml,£2.35,£1.57/100ml,£2.00 Clubcard Price,(£1.33/100ml),True,Offer valid for delivery from 16/04/2025 until 10/06/2025,False,,,False,https://www.tesco.com/groceries/en-GB/products/315392796,https://digitalcontent.api.tesco.com/v2/media/ghs/f6ba87e3-6707-4bff-99cd-60015741b3c8/cf7c5584-e29e-40a3-bea2-6c63a586fa08_557006574.jpeg?h=225&w=225,Food Cupboard,"Cooking Sauces, Meal Kits & Sides"
316927929,Loyd Grossman Pesto Sun-Dried Tomato 190g,£2.50,£1.32/100g,£1.90 Clubcard Price,(£1.00/100g),True,Offer valid for delivery from 16/04/2025 until 13/05/2025,False,4.9,35,False,https://www.tesco.com/groceries/en-GB/products/316927929,https://digitalcontent.api.tesco.com/v2/media/ghs/138f3019-e865-4e6f-b703-3f3cb872f28c/435487d5-7670-43d6-b420-2d19c0016679_2084376859.jpeg?h=225&w=225,Food Cupboard,"Cooking Sauces, Meal Kits & Sides"
315470577,Blue Dragon Spring Roll Wrappers 134g,£2.10,£1.57/100g,£1.50 Clubcard Price,(£1.12/100g),True,Offer valid for delivery from 16/04/2025 until 13/05/2025,False,,,False,https://www.tesco.com/groceries/en-GB/products/315470577,https://digitalcontent.api.tesco.com/v2/media/ghs/63a5f821-e839-4b71-8962-671bfcd3f3ae/6a4ad076-1dc5-438c-a3c9-5d7c5c461fc6_892451279.jpeg?h=225&w=225,Food Cupboard,"Cooking Sauces, Meal Kits & Sides"
316655876,Blue Dragon Rich Hoisin Sauce 250ml,£2.40,£0.96/100ml,£1.85 Clubcard Price,(£0.74/100ml),True,Offer valid for delivery from 31/03/2025 until 21/04/2025,False,4.9,29,False,https://www.tesco.com/groceries/en-GB/products/316655876,https://digitalcontent.api.tesco.com/v2/media/ghs/86787f7e-a14f-43e7-bd62-1d826d22f837/9f34c8ad-20dc-4ecf-8115-6d2063b3a7ed_1832531988.jpeg?h=225&w=225,Food Cupboard,"Cooking Sauces, Meal Kits & Sides"
315445700,Heinz Thai Style Sweet Chilli Dipping Sauce 495g,£3.40,£0.69/100g,Any 2 for £5 Clubcard Price - Selected Heinz Sauces,,True,Offer valid for delivery from 18/04/2025 until 29/04/2025,False,4.3,14,False,https://www.tesco.com/groceries/en-GB/products/315445700,https://digitalcontent.api.tesco.com/v2/media/ghs/b8b2cdd1-9a03-47d8-b71e-b7224c8979b2/081ae95d-bb84-4457-9038-67e4d5fea2b2_895604780.jpeg?h=225&w=225,Food Cupboard,"Cooking Sauces, Meal Kits & Sides"
317552777,Las Chicas Al Pastor Mexican Cooking Paste Fruity Guajillo Chilli 95g,£3.00,£3.16/100g,£2.30 Clubcard Price,(£2.42/100g),True,Offer valid for delivery from 16/04/2025 until 13/05/2025,False,4.5,46,False,https://www.tesco.com/groceries/en-GB/products/317552777,https://digitalcontent.api.tesco.com/v2/media/ghs/35dbadff-96f7-40d1-a153-74245bfcb4ab/b6f35cb3-76c8-44fb-94d9-2ff9f5a0a8e8_1003693144.jpeg?h=225&w=225,Food Cupboard,"Cooking Sauces, Meal Kits & Sides"
317401035,Sacla' Sundried Tomato Pesto Pots 2x45g,£2.00,£2.22/100g,,,False,,False,,,False,https://www.tesco.com/groceries/en-GB/products/317401035,https://digitalcontent.api.tesco.com/v2/media/ghs/53187b0e-c17a-4a8a-99e3-93724f151fc0/a6f09f90-cdc7-4916-920b-787a785109b6_1676832551.jpeg?h=225&w=225,Food Cupboard,"Cooking Sauces, Meal Kits & Sides"
303183503,Blue Dragon Oyster Sauce 150Ml,£1.75,£11.67/litre,,,False,,False,,,False,https://www.tesco.com/groceries/en-GB/products/303183503,https://digitalcontent.api.tesco.com/v2/media/ghs/e1a5eed3-18ec-4506-91c7-6d5c8925bf2f/524ad6f1-da7b-4e7d-99cd-574c0bcc1a67_446106181.jpeg?h=225&w=225,Food Cupboard,"Cooking Sauces, Meal Kits & Sides"
317188047,Dolmio Pronto Pasta & Sauce - Tomato & Basil 200g,£2.20,£1.10/100g,,,False,,False,3.5,2,False,https://www.tesco.com/groceries/en-GB/products/317188047,https://digitalcontent.api.tesco.com/v2/media/ghs/bb93ba3b-dd27-4da1-9418-34840746a7d6/8412a1d5-12ef-4e7e-9468-c3122675e782_1008788078.jpeg?h=225&w=225,Food Cupboard,"Cooking Sauces, Meal Kits & Sides"
250742292,Loyd Grossman Puttanesca Pasta Sauce 350G,£3.00,£0.86/100g,£1.65 Clubcard Price,(£0.47/100g),True,Offer valid for delivery from 17/03/2025 until 13/05/2025,False,,1,False,https://www.tesco.com/groceries/en-GB/products/250742292,https://digitalcontent.api.tesco.com/v2/media/ghs/8a74fddb-7b41-45f5-8c13-f8f46a7cbb24/5f754f9a-903a-48b1-857e-ae5c4d2cbeac_1286020036.jpeg?h=225&w=225,Food Cupboard,"Cooking Sauces, Meal Kits & Sides"
313515189,Capsicana Mexican Fajita Chilli & Honey Paste 60G,£1.60,£2.67/100g,£1.20 Save 25% Clubcard Price,(£2.00/100g),True,Offer valid for delivery from 17/03/2025 until 21/04/2025,False,4.7,63,False,https://www.tesco.com/groceries/en-GB/products/313515189,https://digitalcontent.api.tesco.com/v2/media/ghs/3a0a689e-fdfb-4362-b35d-c18241f793e6/317d9cca-3a0f-4a89-ae9c-cbc26dd8d19b_172135276.jpeg?h=225&w=225,Food Cupboard,"Cooking Sauces, Meal Kits & Sides"
313746232,Capsicana Mexican Burrito Tomato & Chipotle Paste 60G,£1.60,£2.67/100g,£1.20 Save 25% Clubcard Price,(£2.00/100g),True,Offer valid for delivery from 17/03/2025 until 21/04/2025,False,4.8,61,False,https://www.tesco.com/groceries/en-GB/products/313746232,https://digitalcontent.api.tesco.com/v2/media/ghs/a5003ec8-8622-43df-9083-2dcb455e6a1e/237d2e24-1169-4361-b483-730fe0c9dc0d_641261493.jpeg?h=225&w=225,Food Cupboard,"Cooking Sauces, Meal Kits & Sides"
317050757,Tesco Finest Mushroom Pesto 190g,£2.20,£1.16/100g,,,False,,False,,8,False,https://www.tesco.com/groceries/en-GB/products/317050757,https://digitalcontent.api.tesco.com/v2/media/ghs/ae689e84-0956-454f-8d2a-0ca77f493e24/1f5eb000-32f6-456c-bf42-e591f3c71bea_2070824124.jpeg?h=225&w=225,Food Cupboard,"Cooking Sauces, Meal Kits & Sides"
313941749,Capsicana Sizzling Steak Garlic Seasoning Mix Argentinian 28G,£1.35,£0.48/10g,£1.00 Save 25% Clubcard Price,(£0.36/10g),True,Offer valid for delivery from 17/03/2025 until 21/04/2025,False,4.9,155,False,https://www.tesco.com/groceries/en-GB/products/313941749,https://digitalcontent.api.tesco.com/v2/media/ghs/4c488433-640b-4693-a4b3-6f5c6ef60029/5ecc390e-b1ea-4349-8a24-a3c5811e5846_1814859175.jpeg?h=225&w=225,Food Cupboard,"Cooking Sauces, Meal Kits & Sides"
312992661,Tesco Finest Tomato & Calabrian Chilli Concentrated Sauce 265G,£2.00,£0.76/100g,,,False,,False,4.7,12,False,https://www.tesco.com/groceries/en-GB/products/312992661,https://digitalcontent.api.tesco.com/v2/media/ghs/78d0c415-f6bf-48b3-a38b-939bec5ab0c7/79744e27-64dd-4cdf-aa57-b85b3f7a0e4a_408784902.jpeg?h=225&w=225,Food Cupboard,"Cooking Sauces, Meal Kits & Sides"
313008663,Tesco Finest Sun Dried Tomato & Red Wine Concentrated Sauce 265G,£2.00,£0.76/100g,,,False,,False,,2,False,https://www.tesco.com/groceries/en-GB/products/313008663,https://digitalcontent.api.tesco.com/v2/media/ghs/0272cca2-9a2c-46f3-bbea-fc37901f14f0/d74cba8e-90d2-4776-a3e4-7b9fb52781dc_1168391716.jpeg?h=225&w=225,Food Cupboard,"Cooking Sauces, Meal Kits & Sides"
316925776,Loyd Grossman Tomato & Mascarpone Pasta Sauce 350g,£3.00,£0.86/100g,£1.65 Clubcard Price,(£0.47/100g),True,Offer valid for delivery from 17/03/2025 until 13/05/2025,False,4.8,32,False,https://www.tesco.com/groceries/en-GB/products/316925776,https://digitalcontent.api.tesco.com/v2/media/ghs/f480573c-e776-4d2a-bb8c-ad70d445ca7d/da621848-1090-4a59-a2d2-7d8eb272aa41_334543293.jpeg?h=225&w=225,Food Cupboard,"Cooking Sauces, Meal Kits & Sides"
313967984,Capsicana Mexican Tasty Taco Jalapeno & Spices Seasoning Mix 28G,£1.35,£0.48/10g,£1.00 Save 25% Clubcard Price,(£0.36/10g),True,Offer valid for delivery from 17/03/2025 until 21/04/2025,False,4.7,48,False,https://www.tesco.com/groceries/en-GB/products/313967984,https://digitalcontent.api.tesco.com/v2/media/ghs/4123b356-8c5b-4fc7-8a7e-412c3196b4f4/ecc33868-3fdf-4f6a-8fe0-465299cdc43c_432366005.jpeg?h=225&w=225,Food Cupboard,"Cooking Sauces, Meal Kits & Sides"
313004736,Capsicana Mexican Chipotle Fajita Cumin Seasoning Mix 28G,£1.35,£0.48/10g,£1.00 Save 25% Clubcard Price,(£0.36/10g),True,Offer valid for delivery from 17/03/2025 until 21/04/2025,False,4.7,140,False,https://www.tesco.com/groceries/en-GB/products/313004736,https://digitalcontent.api.tesco.com/v2/media/ghs/018abb8a-bcf9-41e4-b755-5de1b9af80aa/a3d7e402-ebc5-46fc-870f-4ed9cb5e7d54_1133585662.jpeg?h=225&w=225,Food Cupboard,"Cooking Sauces, Meal Kits & Sides"
313949361,Capsicana Paprika Brazilian Bbq Wrap Seasoning Mix 28G,£1.35,£0.48/10g,£1.00 Save 25% Clubcard Price,(£0.36/10g),True,Offer valid for delivery from 17/03/2025 until 21/04/2025,False,4.7,129,False,https://www.tesco.com/groceries/en-GB/products/313949361,https://digitalcontent.api.tesco.com/v2/media/ghs/7d9662f6-cb89-47a7-8918-7030398a4b4a/d6c5e8ee-4fca-4e78-b317-30690c67728f_820490577.jpeg?h=225&w=225,Food Cupboard,"Cooking Sauces, Meal Kits & Sides"
317401127,Old El Paso Nacho Seasoning Mix 30g,£1.25,£4.17/100g,£1.00 Clubcard Price,(£3.33/100g),True,Offer valid for delivery from 16/04/2025 until 13/05/2025,False,,,False,https://www.tesco.com/groceries/en-GB/products/317401127,https://digitalcontent.api.tesco.com/v2/media/ghs/42155a88-1d30-4232-8e8e-2fe336ef7286/249b54c1-687b-45e9-92f1-71c8bae164f3_63628628.jpeg?h=225&w=225,Food Cupboard,"Cooking Sauces, Meal Kits & Sides"
292226874,Old El Paso Enchilada Sauce Mild 340G,£1.95,£5.74/kg,,,False,,False,,,False,https://www.tesco.com/groceries/en-GB/products/292226874,https://digitalcontent.api.tesco.com/v2/media/ghs/665cdbd3-a4de-4cc6-b43f-15632d61001f/c37217ec-ecbf-44b6-ba59-a321159b8551_1464963618.jpeg?h=225&w=225,Food Cupboard,"Cooking Sauces, Meal Kits & Sides"
316925920,Tesco Meat Feast Pasta Sauce 500g,£1.85,£0.37/100g,,,False,,False,,1,False,https://www.tesco.com/groceries/en-GB/products/316925920,https://digitalcontent.api.tesco.com/v2/media/ghs/6ac0162a-0b4e-4bf7-9761-1932693c01b0/c2588f08-cad5-41d7-855c-3acc193b814b_736647568.jpeg?h=225&w=225,Food Cupboard,"Cooking Sauces, Meal Kits & Sides"
311940794,Blue Dragon Fragrant Pad Thai Stir Fry Sauce 120G,£0.95,£0.79/100g,70p Save 25% Clubcard Price,(£0.58/100g),True,Offer valid for delivery from 31/03/2025 until 21/04/2025,False,,,False,https://www.tesco.com/groceries/en-GB/products/311940794,https://digitalcontent.api.tesco.com/v2/media/ghs/3f231e89-6572-4aec-8e87-1822a3a09048/3e1f714f-af46-4607-9951-fdcc444e0460_1828217227.jpeg?h=225&w=225,Food Cupboard,"Cooking Sauces, Meal Kits & Sides"
317994023,Tesco Thai Inspired Stir Fry Sauce 165g,£1.15,£6.97/kg,"STIR FRY Meal Deal for £3 Clubcard Price - Buy 1 Rice & Noodles, 1 Sauce & 1 Vegetable",,True,Offer valid for delivery from 13/11/2024 until 30/09/2025,False,2.3,3,False,https://www.tesco.com/groceries/en-GB/products/317994023,https://digitalcontent.api.tesco.com/v2/media/ghs/5c69c0e9-de28-4c50-a254-c3ca78fa08f2/940951e8-a845-4d67-ad49-7461a262c55b_1597986538.jpeg?h=225&w=225,Food Cupboard,"Cooking Sauces, Meal Kits & Sides"
316065831,Aagrah Karahi Tarka Paste 270g,£3.30,£1.22/100g,,,False,,False,4.4,39,False,https://www.tesco.com/groceries/en-GB/products/316065831,https://digitalcontent.api.tesco.com/v2/media/ghs/6d7db5ee-2a3b-4499-8faa-9b046b3c3056/47ae0e10-d481-4053-b952-ab89c7dd71fe_404262592.jpeg?h=225&w=225,Food Cupboard,"Cooking Sauces, Meal Kits & Sides"
316946100,Dolmio Bolognese Onion and Garlic Pasta Sauce 675g,£3.00,£0.44/100g,,,False,,False,4.5,57,False,https://www.tesco.com/groceries/en-GB/products/316946100,https://digitalcontent.api.tesco.com/v2/media/ghs/510f3dcf-6630-4cf6-866d-56f1d7f02a03/4d7828a3-7f08-45fe-a645-186b6c42b56b_94140585.jpeg?h=225&w=225,Food Cupboard,"Cooking Sauces, Meal Kits & Sides"
316932312,Dolmio Bolognese Original Pasta Sauce 675g,£3.00,£0.44/100g,,,False,,False,4.6,56,False,https://www.tesco.com/groceries/en-GB/products/316932312,https://digitalcontent.api.tesco.com/v2/media/ghs/e0bba9c7-f4bf-4be1-8280-2af83d65d177/f74334c5-f524-4185-add4-fb7bd1788e4b_1730557072.jpeg?h=225&w=225,Food Cupboard,"Cooking Sauces, Meal Kits & Sides"
316952288,Dolmio Bolognese Smooth Tomato Pasta Sauce 675g,£3.00,£0.44/100g,,,False,,False,4.7,85,False,https://www.tesco.com/groceries/en-GB/products/316952288,https://digitalcontent.api.tesco.com/v2/media/ghs/d3a72e28-1f7f-412a-8cd2-46146bfd02b5/35393d5e-2b71-4796-a931-66c7cab37c5b_1843806382.jpeg?h=225&w=225,Food Cupboard,"Cooking Sauces, Meal Kits & Sides"
317201358,Old El Paso Street Vibes Salsa Dip - Sweet Jalapenos 335g,£2.50,£0.75/100g,,,False,,False,2.8,5,False,https://www.tesco.com/groceries/en-GB/products/317201358,https://digitalcontent.api.tesco.com/v2/media/ghs/50fb9b34-014b-473d-ac37-fa8033cc07b0/c004efba-a10f-4303-ab47-98ba4598bf96_1276682580.jpeg?h=225&w=225,Food Cupboard,"Cooking Sauces, Meal Kits & Sides"
316809528,Dolmio Low Fat Bolognese Pasta Sauce Family Size 675g,£3.00,£0.44/100g,,,False,,False,4.5,84,False,https://www.tesco.com/groceries/en-GB/products/316809528,https://digitalcontent.api.tesco.com/v2/media/ghs/3fa7f842-91c1-4a4e-a53c-607ed4104a9c/555f4b2b-1331-4cc8-8e2c-6971d068c118_788455098.jpeg?h=225&w=225,Food Cupboard,"Cooking Sauces, Meal Kits & Sides"
311446817,Blue Dragon Light Soy Sauce 375ml,£2.35,£6.27/litre,£2.00 Clubcard Price,(£5.33/litre),True,Offer valid for delivery from 16/04/2025 until 13/05/2025,False,,,False,https://www.tesco.com/groceries/en-GB/products/311446817,https://digitalcontent.api.tesco.com/v2/media/ghs/f2004d77-7b9e-4099-baf9-93ecd8102cba/e2f685b0-1dec-437d-949d-4f709342c1ec_218672016.jpeg?h=225&w=225,Food Cupboard,"Cooking Sauces, Meal Kits & Sides"
317537174,Old El Paso Street Vibes Salsa Dip - Tomato & Pepper 312g,£2.50,£0.80/100g,,,False,,False,,,False,https://www.tesco.com/groceries/en-GB/products/317537174,https://digitalcontent.api.tesco.com/v2/media/ghs/a4bdf0e0-42ca-49e6-8a63-7fabd031de8c/298adc44-b8fa-4633-bf48-24f9e63866f6_1502170845.jpeg?h=225&w=225,Food Cupboard,"Cooking Sauces, Meal Kits & Sides"
312111138,Blue Dragon Dark Soy Sauce 375ml,£2.35,£0.63/100ml,£2.00 Clubcard Price,(£0.53/100ml),True,Offer valid for delivery from 16/04/2025 until 13/05/2025,False,,1,False,https://www.tesco.com/groceries/en-GB/products/312111138,https://digitalcontent.api.tesco.com/v2/media/ghs/b5225384-6e79-423a-9b2d-c428fa63b434/d713cb0d-e2fc-4089-b5c6-e426dab1c8cb_879255953.jpeg?h=225&w=225,Food Cupboard,"Cooking Sauces, Meal Kits & Sides"
316307007,Aagrah Poppadoms Plain 60g,£2.40,£4.00/100g,,,False,,False,4.9,30,False,https://www.tesco.com/groceries/en-GB/products/316307007,https://digitalcontent.api.tesco.com/v2/media/ghs/94c83152-1c96-4ea0-bba1-2d0562e676d9/5f5936fa-af13-4ce8-bbed-81be42e1f5c5_434723785.jpeg?h=225&w=225,Food Cupboard,"Cooking Sauces, Meal Kits & Sides"
313369920,Homepride No Added Sugar Tomato & Cheddar Pasta Bake 485g,£2.50,£0.52/100g,,,False,,False,4.6,50,False,https://www.tesco.com/groceries/en-GB/products/313369920,https://digitalcontent.api.tesco.com/v2/media/ghs/2d2c4b82-30ab-41b1-9b6f-e77708d2ee2d/74e60a17-5b5b-4a01-9269-26387b4c7691_1172226993.jpeg?h=225&w=225,Food Cupboard,"Cooking Sauces, Meal Kits & Sides"
317419308,Blue Dragon Ketjap Manis Sweet Soy Sauce 150ml,£1.85,£1.23/100ml,£1.50 Clubcard Price,(£1.00/100ml),True,Offer valid for delivery from 16/04/2025 until 13/05/2025,False,,,False,https://www.tesco.com/groceries/en-GB/products/317419308,https://digitalcontent.api.tesco.com/v2/media/ghs/dbee0abe-f937-4568-9dcc-6e787490543b/735f63bf-e147-4d8a-bd7b-d017302bc5ff_989976799.jpeg?h=225&w=225,Food Cupboard,"Cooking Sauces, Meal Kits & Sides"
318194277,Sharwoods Street Food Plain Mini Poppadoms 55g,£2.25,£40.91/kg,,,False,,False,4.8,31,False,https://www.tesco.com/groceries/en-GB/products/318194277,https://digitalcontent.api.tesco.com/v2/media/ghs/405a4973-68f4-418f-9f6f-bf83f46c6f45/f3269535-8b4e-4605-ae46-56b5199acb5b_1819246664.jpeg?h=225&w=225,Food Cupboard,"Cooking Sauces, Meal Kits & Sides"
317062971,Gran Luchito Roasted Serrano Green Chillies 215G,£2.35,£1.09/100g DR.WT,,,False,,False,,,False,https://www.tesco.com/groceries/en-GB/products/317062971,https://digitalcontent.api.tesco.com/v2/media/ghs/fda757a6-b9c2-4667-a226-035e1c93c325/9e4f3c2c-e116-4d46-b160-906e245818d5_1833130591.jpeg?h=225&w=225,Food Cupboard,"Cooking Sauces, Meal Kits & Sides"
312089515,Patak's Raita 170g,£2.00,£11.76/kg,,,False,,False,,,False,https://www.tesco.com/groceries/en-GB/products/312089515,https://digitalcontent.api.tesco.com/v2/media/ghs/471b9382-da5b-4251-9647-a17cc95a025e/d550ccdc-733a-4c24-8a3f-2971263007a4_736055477.jpeg?h=225&w=225,Food Cupboard,"Cooking Sauces, Meal Kits & Sides"
316060721,Old El Paso Tortilla Chips - Paprika 185g,£1.90,£1.03/100g,OEP CHIPS & DESPERADOS Meal Deal for £6 Clubcard Price - Buy 1 Desperados 3pk And 1 Oep Chips,,True,Offer valid for delivery from 16/04/2025 until 13/05/2025,False,,1,False,https://www.tesco.com/groceries/en-GB/products/316060721,https://digitalcontent.api.tesco.com/v2/media/ghs/745bcc11-bc8a-4dd9-a630-b33a1d195617/63e5740a-351c-40cf-8e80-46f2952357b9_405211513.jpeg?h=225&w=225,Food Cupboard,"Cooking Sauces, Meal Kits & Sides"
315979840,Old El Paso Tortilla Chips - Fajita 185g,£1.90,£1.03/100g,OEP CHIPS & DESPERADOS Meal Deal for £6 Clubcard Price - Buy 1 Desperados 3pk And 1 Oep Chips,,True,Offer valid for delivery from 16/04/2025 until 13/05/2025,False,,,False,https://www.tesco.com/groceries/en-GB/products/315979840,https://digitalcontent.api.tesco.com/v2/media/ghs/8b4b0c41-7669-48c9-9fa1-0e6c159a170d/851d7bc0-3f37-4ef2-ba35-e54c34b1fa39_1217704732.jpeg?h=225&w=225,Food Cupboard,"Cooking Sauces, Meal Kits & Sides"
312720431,Tesco Tomato & Basil Stir In Sauce 155G,£1.30,£0.84/100g,,,False,,False,4.8,11,False,https://www.tesco.com/groceries/en-GB/products/312720431,https://digitalcontent.api.tesco.com/v2/media/ghs/e05d3043-edbf-4621-afd9-87513138cfe9/c751a34e-b21d-4c38-bbc7-420add293738_1966987925.jpeg?h=225&w=225,Food Cupboard,"Cooking Sauces, Meal Kits & Sides"
312697607,Tesco Tomato & Garlic Stir In Sauce 155G,£1.30,£0.84/100g,,,False,,False,4.7,9,False,https://www.tesco.com/groceries/en-GB/products/312697607,https://digitalcontent.api.tesco.com/v2/media/ghs/cec91257-e61d-4981-b475-4357ad93e9f0/cfeb578d-3982-43b8-984b-3daa94dc20a5_1532476150.jpeg?h=225&w=225,Food Cupboard,"Cooking Sauces, Meal Kits & Sides"
313167082,Tesco Finest Sun Dried Tomato & Roasted Garlic Concentrated Sauce 265G,£2.00,£0.76/100g,,,False,,False,3.1,7,False,https://www.tesco.com/groceries/en-GB/products/313167082,https://digitalcontent.api.tesco.com/v2/media/ghs/bb5e9903-ebcf-4eab-a938-f29015a1b8a7/946d41c1-7a12-4c5a-af16-b3aabef22cf6_1063308725.jpeg?h=225&w=225,Food Cupboard,"Cooking Sauces, Meal Kits & Sides"
312339589,Tesco Mac & Cheese Pasta 200G,£1.25,£0.62/100g,,,False,,False,2.5,20,False,https://www.tesco.com/groceries/en-GB/products/312339589,https://digitalcontent.api.tesco.com/v2/media/ghs/2fed020d-31eb-4f80-bb78-bd99b96e0e2f/ff503f30-6839-4d26-8948-e39671af38cc_707687905.jpeg?h=225&w=225,Food Cupboard,"Cooking Sauces, Meal Kits & Sides"
316656797,Dolmio Bolognese Sauce - Onion & Garlic 450g,£2.50,£0.56/100g,,,False,,False,4.6,51,False,https://www.tesco.com/groceries/en-GB/products/316656797,https://digitalcontent.api.tesco.com/v2/media/ghs/62f010cd-47ba-44f1-8537-8602d4e2add0/56e016b5-b8ae-4f3c-950a-f84a39633124_459196777.jpeg?h=225&w=225,Food Cupboard,"Cooking Sauces, Meal Kits & Sides"
316931814,Dolmio Original Bolognese Pasta Sauce 450g,£2.50,£0.56/100g,,,False,,False,4.7,92,False,https://www.tesco.com/groceries/en-GB/products/316931814,https://digitalcontent.api.tesco.com/v2/media/ghs/ad3e5cdd-aeb6-4794-9845-25105436ff97/35e25081-c1fd-45f2-8e48-6f9fa9a25d74_34822984.jpeg?h=225&w=225,Food Cupboard,"Cooking Sauces, Meal Kits & Sides"
315362515,Sharwood's Medium Egg Noodles 226g,£2.00,£8.85/kg,,,False,,False,4.6,89,True,https://www.tesco.com/groceries/en-GB/products/315362515,https://digitalcontent.api.tesco.com/v2/media/ghs/5e225f67-5ddc-4296-90e6-8646017ab423/35c80ac9-2391-4c0f-9af3-2ab98715f98b_1839424845.jpeg?h=225&w=225,Food Cupboard,"Dried Pasta, Rice, Noodles & Cous Cous"
301373057,Nissin Cup Noodles Instant Ramen Pot Japanese Seafood 75g,£1.80,£24.00/kg,,,False,,False,,70,True,https://www.tesco.com/groceries/en-GB/products/301373057,https://digitalcontent.api.tesco.com/v2/media/ghs/c887e0c6-5035-4f3f-a17e-10e720a2aa25/db3626c4-f679-4d00-89e0-879be20e1cd7_537641594.jpeg?h=225&w=225,Food Cupboard,"Dried Pasta, Rice, Noodles & Cous Cous"
297172750,Nissin Cup Noodles Soba Wok Style Yakitori Chicken 89g,£1.75,£19.66/kg,,,False,,False,4.9,41,True,https://www.tesco.com/groceries/en-GB/products/297172750,https://digitalcontent.api.tesco.com/v2/media/ghs/27865bdb-edef-42f0-8b3a-10cdb0f934aa/de2a31ee-5186-41d1-8087-da4af62a0964_1055912458.jpeg?h=225&w=225,Food Cupboard,"Dried Pasta, Rice, Noodles & Cous Cous"
278086149,Tesco Risotto Rice 1Kg,£3.30,£3.30/kg,,,False,,False,2.1,112,False,https://www.tesco.com/groceries/en-GB/products/278086149,https://digitalcontent.api.tesco.com/v2/media/ghs/de8bf49a-9b27-451a-b457-84c785698252/fefbdc5b-9752-4206-a468-927e5e341017_423281452.jpeg?h=225&w=225,Food Cupboard,"Dried Pasta, Rice, Noodles & Cous Cous"
260188876,Pot Noodle Chicken & Mushroom Instant Noodles 90g,£1.10,£12.22/kg,70p Clubcard Price,(£7.78/kg),True,Offer valid for delivery from 16/04/2025 until 13/05/2025,False,4.3,253,False,https://www.tesco.com/groceries/en-GB/products/260188876,https://digitalcontent.api.tesco.com/v2/media/ghs/bd3ff191-5f0b-42b1-8d43-ed3e516b1562/674a8178-ca1d-4ba9-9cd4-bac38f28d6fd_896174319.jpeg?h=225&w=225,Food Cupboard,"Dried Pasta, Rice, Noodles & Cous Cous"
262311847,Tilda Pure Steamed Basmati Rice Classic 250G,£1.00,£4.00/kg,,,False,,False,4.9,17,False,https://www.tesco.com/groceries/en-GB/products/262311847,https://digitalcontent.api.tesco.com/v2/media/ghs/2b78eeae-c888-41cf-960a-833843f6c02e/9a14e33e-a3e3-4c38-8ab4-8d7d5ffbea42_1184995225.jpeg?h=225&w=225,Food Cupboard,"Dried Pasta, Rice, Noodles & Cous Cous"
255343007,Tesco Fusilli Pasta Twists 3Kg,£3.80,£1.27/kg,,,False,,False,4.8,33,False,https://www.tesco.com/groceries/en-GB/products/255343007,https://digitalcontent.api.tesco.com/v2/media/ghs/e52e909d-6e65-4b63-ae13-a49319b48529/4344c173-09a4-4b14-b3e3-365d2010cd9c_1032384185.jpeg?h=225&w=225,Food Cupboard,"Dried Pasta, Rice, Noodles & Cous Cous"
254877477,Tesco Basmati Rice 1Kg,£1.79,£1.79/kg,,,False,,False,3.2,67,False,https://www.tesco.com/groceries/en-GB/products/254877477,https://digitalcontent.api.tesco.com/v2/media/ghs/1ac8b035-5271-4f27-bbea-41d8e582faac/749e5ce0-a722-4c55-8663-e9c27a8fd534_1944276261.jpeg?h=225&w=225,Food Cupboard,"Dried Pasta, Rice, Noodles & Cous Cous"
276827043,Nissin Demae Ramen Noodles - Spicy 100g,£0.75,£7.50/kg,,,False,,False,4.5,12,False,https://www.tesco.com/groceries/en-GB/products/276827043,https://digitalcontent.api.tesco.com/v2/media/ghs/befe79a8-5206-4fe2-ace9-7f617bdd845c/7ee0648a-8fb0-4d40-bd27-ee318b6c2a4e_1199536448.jpeg?h=225&w=225,Food Cupboard,"Dried Pasta, Rice, Noodles & Cous Cous"
276826574,Nissin Demae Ramen Chicken Noodles 100G,£0.75,£7.50/kg,,,False,,False,4.3,11,False,https://www.tesco.com/groceries/en-GB/products/276826574,https://digitalcontent.api.tesco.com/v2/media/ghs/92760558-3a7a-4518-91b7-aeee51e59c94/095f1107-3d49-4e6a-bd01-607c7ade7c5e_646360511.jpeg?h=225&w=225,Food Cupboard,"Dried Pasta, Rice, Noodles & Cous Cous"
260135097,Pot Noodle Chicken & Mushroom Instant Noodles King Pot 114g,£1.35,£11.84/kg,,,False,,False,4.3,254,False,https://www.tesco.com/groceries/en-GB/products/260135097,https://digitalcontent.api.tesco.com/v2/media/ghs/efe0fcc4-d757-4f56-b4c1-1d1c45f6a8e6/6ef98fe2-85ff-4e2f-9b6c-c91fd6f46c5e_331317735.jpeg?h=225&w=225,Food Cupboard,"Dried Pasta, Rice, Noodles & Cous Cous"
260187386,Pot Noodle Original Curry Instant Noodles 90g,£1.10,£12.22/kg,70p Clubcard Price,(£7.78/kg),True,Offer valid for delivery from 16/04/2025 until 13/05/2025,False,4.3,196,False,https://www.tesco.com/groceries/en-GB/products/260187386,https://digitalcontent.api.tesco.com/v2/media/ghs/35f44f8e-9d98-4c86-882f-2934bfcee67a/dff7327b-5fe0-46ba-9f79-18046be52f45_1998247250.jpeg?h=225&w=225,Food Cupboard,"Dried Pasta, Rice, Noodles & Cous Cous"
260187553,Pot Noodle Beef & Tomato Instant Noodles 90g,£1.10,£12.22/kg,70p Clubcard Price,(£7.78/kg),True,Offer valid for delivery from 16/04/2025 until 13/05/2025,False,,285,False,https://www.tesco.com/groceries/en-GB/products/260187553,https://digitalcontent.api.tesco.com/v2/media/ghs/12e47ecf-2c9a-4969-95c9-8ea738b37355/2b955786-6fdf-4296-87c5-5c6264678710_999369894.jpeg?h=225&w=225,Food Cupboard,"Dried Pasta, Rice, Noodles & Cous Cous"
254878424,Tesco Spaghetti Pasta 1Kg,£1.29,£1.29/kg,,,False,,False,4.1,40,False,https://www.tesco.com/groceries/en-GB/products/254878424,https://digitalcontent.api.tesco.com/v2/media/ghs/bf40cf0d-0f65-4ec7-87aa-2b5b06dadb84/c2af3dd4-6c1f-479d-9a3b-b8bcf5cd85e6_1844063800.jpeg?h=225&w=225,Food Cupboard,"Dried Pasta, Rice, Noodles & Cous Cous"
254878401,Tesco Short Spaghetti Pasta 500G,£0.75,£1.50/kg,,,False,,False,4.7,114,False,https://www.tesco.com/groceries/en-GB/products/254878401,https://digitalcontent.api.tesco.com/v2/media/ghs/96fcc9cb-93a5-400f-b33f-f9b90655a630/aa55b9bc-499b-4953-b384-7476cdff5de8_949657082.jpeg?h=225&w=225,Food Cupboard,"Dried Pasta, Rice, Noodles & Cous Cous"
257798842,Tesco Linguine Pasta 500G,£0.75,£1.50/kg,,,False,,False,4.8,76,False,https://www.tesco.com/groceries/en-GB/products/257798842,https://digitalcontent.api.tesco.com/v2/media/ghs/df1814f2-9235-4796-b5fc-5ad69401c9e1/93439fb3-fec2-4a04-8e63-6fcd8cfaa3aa_448360496.jpeg?h=225&w=225,Food Cupboard,"Dried Pasta, Rice, Noodles & Cous Cous"
251679518,Tesco Microwave Long Grain Rice 250G,£0.60,£2.40/kg,,,False,,False,3.3,73,False,https://www.tesco.com/groceries/en-GB/products/251679518,https://digitalcontent.api.tesco.com/v2/media/ghs/26293029-45de-4873-a97d-1dba11e78024/d5bf9343-7f9d-4a02-b974-40575339632e_296878674.jpeg?h=225&w=225,Food Cupboard,"Dried Pasta, Rice, Noodles & Cous Cous"
257004208,Tesco Microwave Wholegrain Rice 250G,£0.60,£2.40/kg,,,False,,False,4.2,53,False,https://www.tesco.com/groceries/en-GB/products/257004208,https://digitalcontent.api.tesco.com/v2/media/ghs/0c8beaae-b81c-4d58-8cae-79fcff2d19ed/8d23ab5e-507c-46a4-86d5-d237ffefbf3b_1620064220.jpeg?h=225&w=225,Food Cupboard,"Dried Pasta, Rice, Noodles & Cous Cous"
297484513,Tesco Whole Wheat Spaghetti 500G,£0.75,£1.50/kg,,,False,,False,4.7,37,False,https://www.tesco.com/groceries/en-GB/products/297484513,https://digitalcontent.api.tesco.com/v2/media/ghs/e3fdfcf3-a3b3-43b2-be7c-fc43a3a02ee1/d7fbfd44-00a0-4b6f-9f30-1cc345eef6f0_390764768.jpeg?h=225&w=225,Food Cupboard,"Dried Pasta, Rice, Noodles & Cous Cous"
254462378,Koka Instant Noodles Curry Flavour 85G,£0.45,£5.29/kg,,,False,,False,4.6,18,False,https://www.tesco.com/groceries/en-GB/products/254462378,https://digitalcontent.api.tesco.com/v2/media/ghs/c888b53a-f4c3-4de8-a325-9dc0ec15340f/510fd368-f3e0-4a7d-b15d-a73d7b5d51c6_902167808.jpeg?h=225&w=225,Food Cupboard,"Dried Pasta, Rice, Noodles & Cous Cous"
254878499,Tesco Fusilli Pasta Twists 1Kg,£1.29,£1.29/kg,,,False,,False,4.7,59,False,https://www.tesco.com/groceries/en-GB/products/254878499,https://digitalcontent.api.tesco.com/v2/media/ghs/c75644df-2202-40de-a2af-46f856485028/94acfeee-7a28-4de4-9352-5bce1a677fb1_1522818012.jpeg?h=225&w=225,Food Cupboard,"Dried Pasta, Rice, Noodles & Cous Cous"
253167098,Tesco Penne Pasta Quills 1Kg,,,,,False,,False,4.5,48,False,https://www.tesco.com/groceries/en-GB/products/253167098,https://digitalcontent.api.tesco.com/v2/media/ghs/c7c2f24d-bc21-4398-98b2-6b2248160f70/db46427d-c7d3-40d1-892e-4731f96db874_1545148197.jpeg?h=225&w=225,Food Cupboard,"Dried Pasta, Rice, Noodles & Cous Cous"
254878545,Tesco Fusilli Pasta 500G,£0.75,£1.50/kg,,,False,,False,4.8,70,False,https://www.tesco.com/groceries/en-GB/products/254878545,https://digitalcontent.api.tesco.com/v2/media/ghs/35c36b2a-6ea6-419d-918b-2a0bb9dc2ca1/186c0fde-6263-4777-abbe-a6ef24a3c507_1431845156.jpeg?h=225&w=225,Food Cupboard,"Dried Pasta, Rice, Noodles & Cous Cous"
254877356,Tesco Easy Cook Long Grain Rice 1Kg,£1.25,£1.25/kg,,,False,,False,3.5,39,False,https://www.tesco.com/groceries/en-GB/products/254877356,https://digitalcontent.api.tesco.com/v2/media/ghs/5327232e-3cc0-465d-8796-c3a29b0fbd54/013d5947-1aec-4685-9eb4-2e6026811dab_1338076631.jpeg?h=225&w=225,Food Cupboard,"Dried Pasta, Rice, Noodles & Cous Cous"
272640603,Tesco Medium Egg Noodles 250G,£0.95,£3.80/kg,,,False,,False,,32,False,https://www.tesco.com/groceries/en-GB/products/272640603,https://digitalcontent.api.tesco.com/v2/media/ghs/389b33e2-54de-4dba-bcf9-9bf91250a1e1/94921eaa-7b47-4517-9d98-61fae403f835_162621110.jpeg?h=225&w=225,Food Cupboard,"Dried Pasta, Rice, Noodles & Cous Cous"
254878539,Tesco Conchiglie Pasta Shells 500G,£0.75,£1.50/kg,,,False,,False,4.6,73,False,https://www.tesco.com/groceries/en-GB/products/254878539,https://digitalcontent.api.tesco.com/v2/media/ghs/693de699-29d7-416b-9d31-1a1e1db49855/3fefa7e7-393f-45c3-989f-4e3a6165bb30_699298973.jpeg?h=225&w=225,Food Cupboard,"Dried Pasta, Rice, Noodles & Cous Cous"
277016742,Tesco Spirali Pasta 500G,,,,,False,,False,4.8,45,False,https://www.tesco.com/groceries/en-GB/products/277016742,https://digitalcontent.api.tesco.com/v2/media/ghs/7379ba6f-1a8b-4a36-bb66-3a96233e249b/5043ecf7-d3f2-40b2-b85c-07b154f50bf3_1039457347.jpeg?h=225&w=225,Food Cupboard,"Dried Pasta, Rice, Noodles & Cous Cous"
295870612,Batchelors Super Noodle Pots Chicken 75G,£1.00,£13.33/kg,,,False,,False,3.8,58,False,https://www.tesco.com/groceries/en-GB/products/295870612,https://digitalcontent.api.tesco.com/v2/media/ghs/2b971bd8-9f39-4c3f-8c9e-0b82b88372a8/f044114d-5eaa-4da6-a7c1-4d0ef2ff703f_54238327.jpeg?h=225&w=225,Food Cupboard,"Dried Pasta, Rice, Noodles & Cous Cous"
254878482,Tesco Penne Pasta Quills 500G,£0.69,£1.38/kg,,,False,,False,4.7,97,False,https://www.tesco.com/groceries/en-GB/products/254878482,https://digitalcontent.api.tesco.com/v2/media/ghs/7cfd7c97-b262-49c9-80be-e915315a1267/c9cf4ec3-463a-43f5-a44c-9d0565baf7c5_1494381811.jpeg?h=225&w=225,Food Cupboard,"Dried Pasta, Rice, Noodles & Cous Cous"
303671726,Batchelors Super Noodles Chicken 90G,£1.00,£11.11/kg,,,False,,False,3.9,64,False,https://www.tesco.com/groceries/en-GB/products/303671726,https://digitalcontent.api.tesco.com/v2/media/ghs/83dbfa3b-a017-4f7f-885a-3e967d4c9be0/31b3aea5-95ab-4a62-b149-7bf30075b391_544578696.jpeg?h=225&w=225,Food Cupboard,"Dried Pasta, Rice, Noodles & Cous Cous"
303646164,Batchelors Super Noodles Bbq Beef 90G,£1.00,£11.11/kg,,,False,,False,4.1,63,False,https://www.tesco.com/groceries/en-GB/products/303646164,https://digitalcontent.api.tesco.com/v2/media/ghs/85b3e0d5-9483-41a8-ba4f-9ec5ba828078/a78afe17-9edf-4d81-9146-a5e042b89c9c_256854587.jpeg?h=225&w=225,Food Cupboard,"Dried Pasta, Rice, Noodles & Cous Cous"
254878614,Tesco Whole Wheat Fusilli Pasta 500G,£0.75,£1.50/kg,,,False,,False,4.8,40,False,https://www.tesco.com/groceries/en-GB/products/254878614,https://digitalcontent.api.tesco.com/v2/media/ghs/1f28a014-4c34-458d-a458-b6c2725ad0cc/27b72704-7e3d-4a4f-9fdb-2ef4235ac5d2_1623428079.jpeg?h=225&w=225,Food Cupboard,"Dried Pasta, Rice, Noodles & Cous Cous"
254878476,Tesco Farfalle Pasta Bows 500G,£0.75,£1.50/kg,,,False,,False,4.8,84,False,https://www.tesco.com/groceries/en-GB/products/254878476,https://digitalcontent.api.tesco.com/v2/media/ghs/786ddb8f-6698-4adc-9ad6-bd575c059f60/4489f38f-9b20-486a-a664-64dfc12d1f29_1879709056.jpeg?h=225&w=225,Food Cupboard,"Dried Pasta, Rice, Noodles & Cous Cous"
277016811,Tesco Rigatoni Pasta 500G,£0.75,£1.50/kg,,,False,,False,4.8,141,False,https://www.tesco.com/groceries/en-GB/products/277016811,https://digitalcontent.api.tesco.com/v2/media/ghs/b136661d-1200-466e-852e-ea0f21ce291f/4e9940f7-c559-43ad-9bb5-6dcb75fc410a_462441567.jpeg?h=225&w=225,Food Cupboard,"Dried Pasta, Rice, Noodles & Cous Cous"
254878522,Tesco Tricolore Fusilli Pasta Twists 500G,£0.75,£1.50/kg,,,False,,False,4.9,96,False,https://www.tesco.com/groceries/en-GB/products/254878522,https://digitalcontent.api.tesco.com/v2/media/ghs/81b4e17d-700b-4115-9345-3ca22ca6e7d6/032ecf1d-12f5-4397-bad6-02e48da911a7_1471856706.jpeg?h=225&w=225,Food Cupboard,"Dried Pasta, Rice, Noodles & Cous Cous"
250211356,Tesco Tagliatelle Pasta 500G,£0.75,£1.50/kg,,,False,,False,3.6,41,False,https://www.tesco.com/groceries/en-GB/products/250211356,https://digitalcontent.api.tesco.com/v2/media/ghs/98047724-e385-4e3b-8efe-c608da1f8904/7a56c61c-5cb7-4c6e-b0b7-d07e84f0e1a2_1656191165.jpeg?h=225&w=225,Food Cupboard,"Dried Pasta, Rice, Noodles & Cous Cous"
251680648,Tesco Microwave Basmati Rice 250G,£0.60,£2.40/kg,,,False,,False,2.8,87,False,https://www.tesco.com/groceries/en-GB/products/251680648,https://digitalcontent.api.tesco.com/v2/media/ghs/a174570d-7957-4bbe-adc1-f7d42beac8fa/e51fc27e-3375-4feb-a12d-93ed422c6644_42013551.jpeg?h=225&w=225,Food Cupboard,"Dried Pasta, Rice, Noodles & Cous Cous"
254878637,Tesco Macaroni Pasta 500G,£0.72,£1.44/kg,,,False,,False,4.8,30,False,https://www.tesco.com/groceries/en-GB/products/254878637,https://digitalcontent.api.tesco.com/v2/media/ghs/00016175-25dc-4f7f-894d-7e9ca4bce865/63a685fb-f516-494d-a899-372024e4bf56_1982407063.jpeg?h=225&w=225,Food Cupboard,"Dried Pasta, Rice, Noodles & Cous Cous"
250211327,Tesco Lasagne Pasta 500G,£0.75,£1.50/kg,,,False,,False,3.3,42,False,https://www.tesco.com/groceries/en-GB/products/250211327,https://digitalcontent.api.tesco.com/v2/media/ghs/b038054d-5b85-4666-8d38-ee27b9ff9900/269780cc-ad9a-438b-ad25-0aaa69620a6f_1437496937.jpeg?h=225&w=225,Food Cupboard,"Dried Pasta, Rice, Noodles & Cous Cous"
282512389,Tesco Microwave Pilau Rice 250G,£0.60,£2.40/kg,,,False,,False,4.3,48,False,https://www.tesco.com/groceries/en-GB/products/282512389,https://digitalcontent.api.tesco.com/v2/media/ghs/1471b90c-d4f2-4e8c-a07c-225d80facbd3/8039b432-416f-4a5c-bd3c-42a135baad34_1656314718.jpeg?h=225&w=225,Food Cupboard,"Dried Pasta, Rice, Noodles & Cous Cous"
297844111,Hearty Food Co. Penne Pasta 500G,£0.41,£0.82/kg,,,False,,False,3.8,52,False,https://www.tesco.com/groceries/en-GB/products/297844111,https://digitalcontent.api.tesco.com/v2/media/ghs/1663d906-9d81-446f-abad-788aa869b551/e07f5fe6-154d-49ef-b916-395cb1ec747b_1368880088.jpeg?h=225&w=225,Food Cupboard,"Dried Pasta, Rice, Noodles & Cous Cous"
297844134,Hearty Food Co. Spaghetti Pasta 500G,£0.28,£0.56/kg,,,False,,False,4.5,68,False,https://www.tesco.com/groceries/en-GB/products/297844134,https://digitalcontent.api.tesco.com/v2/media/ghs/0341468f-2776-46e4-8501-4210e2a1e4c6/dae13d63-0ef4-4751-ae6b-7362f27578f7_655081423.jpeg?h=225&w=225,Food Cupboard,"Dried Pasta, Rice, Noodles & Cous Cous"
300843799,Grower Harvest Long Grain Rice 1Kg,£0.52,£0.52/kg,,,False,,False,3.6,59,False,https://www.tesco.com/groceries/en-GB/products/300843799,https://digitalcontent.api.tesco.com/v2/media/ghs/3b95c668-cf28-49df-b9ff-a339cb990646/eb01f0b2-35e5-45e6-8705-1c83cf64ef20_1482198316.jpeg?h=225&w=225,Food Cupboard,"Dried Pasta, Rice, Noodles & Cous Cous"
293258673,Trophy Basmati Rice 10Kg,£21.00,£2.10/kg,,,False,,False,3.6,8,False,https://www.tesco.com/groceries/en-GB/products/293258673,https://digitalcontent.api.tesco.com/v2/media/ghs/e269b6ec-da34-4523-9aac-b9bacb3834c5/snapshotimagehandler_1337659602.jpeg?h=225&w=225,Food Cupboard,"Dried Pasta, Rice, Noodles & Cous Cous"
282265272,Tilda Grand Extra Long Grain Rice 5Kg,£16.00,£3.20/kg,,,False,,False,,,False,https://www.tesco.com/groceries/en-GB/products/282265272,https://digitalcontent.api.tesco.com/v2/media/ghs/456e240b-a708-493a-b665-cee399bce18f/e2af9b4d-e46a-41c0-9374-d47fc9dbfa7d_1482612802.jpeg?h=225&w=225,Food Cupboard,"Dried Pasta, Rice, Noodles & Cous Cous"
256534728,Tesco Red Split Lentils 500G,£2.00,£4.00/kg,,,False,,False,4.8,51,False,https://www.tesco.com/groceries/en-GB/products/256534728,https://digitalcontent.api.tesco.com/v2/media/ghs/251ee0a7-b37e-4981-a09b-39715c84f14d/a6af220b-363a-4270-b2ef-bb797f58feb2_1201884308.jpeg?h=225&w=225,Food Cupboard,"Dried Pasta, Rice, Noodles & Cous Cous"
273961567,Tesco Gnocchi 500G,£2.00,£4.00/kg,,,False,,False,2.4,32,False,https://www.tesco.com/groceries/en-GB/products/273961567,https://digitalcontent.api.tesco.com/v2/media/ghs/a148dc71-b81b-4cf6-b8aa-01a5608dd6da/6d7c094b-d9f0-403e-a055-f8f95fea8e51_1043544508.jpeg?h=225&w=225,Food Cupboard,"Dried Pasta, Rice, Noodles & Cous Cous"
262876719,Tesco Red Split Lentils 1Kg,£2.50,£2.50/kg,,,False,,False,4.6,51,False,https://www.tesco.com/groceries/en-GB/products/262876719,https://digitalcontent.api.tesco.com/v2/media/ghs/c56cad7c-8329-4d23-aa1b-6a7cd401b1b1/a4b5011d-453d-4ba6-a11b-bc6e3b4c2491_156240038.jpeg?h=225&w=225,Food Cupboard,"Dried Pasta, Rice, Noodles & Cous Cous"
251442835,Tesco Boil In The Bag Basmati Rice 4 X 125G,£2.00,£4.00/kg,,,False,,False,4.8,59,False,https://www.tesco.com/groceries/en-GB/products/251442835,https://digitalcontent.api.tesco.com/v2/media/ghs/a2e9aea4-0477-4506-bd34-e78651f8ed33/snapshotimagehandler_101094384.jpeg?h=225&w=225,Food Cupboard,"Dried Pasta, Rice, Noodles & Cous Cous"
256148174,Tesco Basmati Rice 2Kg,£3.60,£1.80/kg,,,False,,False,4.7,59,False,https://www.tesco.com/groceries/en-GB/products/256148174,https://digitalcontent.api.tesco.com/v2/media/ghs/b4dd6c64-bf2e-4f9b-8ff0-2ce88d1c7f54/c512afea-0bbc-4912-b98c-fa25f96e474a_199120966.jpeg?h=225&w=225,Food Cupboard,"Dried Pasta, Rice, Noodles & Cous Cous"
314943129,Napolina Lasagne Pasta Sheets 375g,£1.60,£0.43/100g,,,False,,False,,,False,https://www.tesco.com/groceries/en-GB/products/314943129,https://digitalcontent.api.tesco.com/v2/media/ghs/78f7d0af-1f52-4ef9-9bcc-11f661143e98/87415128-0830-4d19-bba6-0879a4543bb0_441617898.jpeg?h=225&w=225,Food Cupboard,"Dried Pasta, Rice, Noodles & Cous Cous"
250322524,Amoy Medium Noodles 2X150g,£2.15,£7.17/kg,£1.50 Clubcard Price,(£5.00/kg),True,Offer valid for delivery from 16/04/2025 until 29/04/2025,False,4.3,46,False,https://www.tesco.com/groceries/en-GB/products/250322524,https://digitalcontent.api.tesco.com/v2/media/ghs/15ef88af-47d2-4eb3-9e43-c979f9f94c28/c296bf33-e1ee-4f0a-9f71-69e9d1c99e78_285411654.jpeg?h=225&w=225,Food Cupboard,"Dried Pasta, Rice, Noodles & Cous Cous"
266386187,Merchant Gourmet Puy Lentils Ready To Eat 250G,£2.15,£8.60/kg,£1.50 Clubcard Price,(£6.00/kg),True,Offer valid for delivery from 16/04/2025 until 13/05/2025,False,4.4,22,False,https://www.tesco.com/groceries/en-GB/products/266386187,https://digitalcontent.api.tesco.com/v2/media/ghs/0af6d86b-a132-4268-817c-ed99a3e2427d/4a3fb9e1-2f50-4686-8f7c-184d1536e09d_375898710.jpeg?h=225&w=225,Food Cupboard,"Dried Pasta, Rice, Noodles & Cous Cous"
306956161,Batchelors Big Super Noodles Chicken Flavoured 100G,£1.25,£12.50/kg,,,False,,False,3.7,47,False,https://www.tesco.com/groceries/en-GB/products/306956161,https://digitalcontent.api.tesco.com/v2/media/ghs/e06381be-db26-46a7-bf9f-6aec31b114fd/baf05240-91c5-4bad-a89c-21a922fcc9a4_318086009.jpeg?h=225&w=225,Food Cupboard,"Dried Pasta, Rice, Noodles & Cous Cous"
308492331,Veetee Heat Eat Sticky Rice Pots 2X130g,£1.40,£5.38/kg,£1.25 Clubcard Price,(£4.81/kg),True,Offer valid for delivery from 16/04/2025 until 13/05/2025,False,4.5,41,False,https://www.tesco.com/groceries/en-GB/products/308492331,https://digitalcontent.api.tesco.com/v2/media/ghs/88d1d3db-1aaa-4510-82ec-f4a75a3bf504/5045f5ce-8c4c-490a-b2d5-211d62af6adf_2108701731.jpeg?h=225&w=225,Food Cupboard,"Dried Pasta, Rice, Noodles & Cous Cous"
314411598,Tesco Finest Spaghetti Bucatini 500G,£1.75,£3.50/kg,,,False,,False,3.2,13,False,https://www.tesco.com/groceries/en-GB/products/314411598,https://digitalcontent.api.tesco.com/v2/media/ghs/752789c5-d980-4817-9f3a-b7d5fcff73c8/510aeaae-d9c4-4dc3-9e05-0c5ef68cba6b_1084539881.jpeg?h=225&w=225,Food Cupboard,"Dried Pasta, Rice, Noodles & Cous Cous"
314685137,Tesco Finest Fusilli 500G 500G,£1.75,£3.50/kg,,,False,,False,,1,False,https://www.tesco.com/groceries/en-GB/products/314685137,https://digitalcontent.api.tesco.com/v2/media/ghs/34cdce6f-780e-464b-af70-009aa5bfc00f/db63b074-1b73-4af8-85af-8f935e646b44_333810145.jpeg?h=225&w=225,Food Cupboard,"Dried Pasta, Rice, Noodles & Cous Cous"
254877385,Tesco Boil In The Bag Long Grain Rice 4 X 125G,£1.20,£2.40/kg,,,False,,False,4.5,54,False,https://www.tesco.com/groceries/en-GB/products/254877385,https://digitalcontent.api.tesco.com/v2/media/ghs/61c8b143-16b9-445a-b569-511214799c12/b7848935-9993-4e13-b389-0115c2fbf01a_750334346.jpeg?h=225&w=225,Food Cupboard,"Dried Pasta, Rice, Noodles & Cous Cous"
314710388,Tesco Finest Linguine 500G,£1.75,£3.50/kg,,,False,,False,,1,False,https://www.tesco.com/groceries/en-GB/products/314710388,https://digitalcontent.api.tesco.com/v2/media/ghs/05a45c11-1509-43a8-a425-eb019032059d/9dff0fac-bfcd-4533-9bbb-c6291753ec97_373896824.jpeg?h=225&w=225,Food Cupboard,"Dried Pasta, Rice, Noodles & Cous Cous"
268622118,Tesco Finest Orzo Pasta 500G,£1.75,£3.50/kg,,,False,,False,4.7,24,False,https://www.tesco.com/groceries/en-GB/products/268622118,https://digitalcontent.api.tesco.com/v2/media/ghs/02292875-5548-49d6-a993-199feecdf03f/f3923892-8065-4829-84c3-45244f585468_1494147951.jpeg?h=225&w=225,Food Cupboard,"Dried Pasta, Rice, Noodles & Cous Cous"
313950030,Tesco Finest Gigli 500G 500G,£1.75,£3.50/kg,,,False,,False,,3,False,https://www.tesco.com/groceries/en-GB/products/313950030,https://digitalcontent.api.tesco.com/v2/media/ghs/61629b81-441a-40d5-b8ed-3828106811a1/3422e149-880b-4529-b0f8-1545afbfd216_2139321362.jpeg?h=225&w=225,Food Cupboard,"Dried Pasta, Rice, Noodles & Cous Cous"
314318260,Tesco Finest Conchiglie 500G 500G,£1.75,£3.50/kg,,,False,,False,,2,False,https://www.tesco.com/groceries/en-GB/products/314318260,https://digitalcontent.api.tesco.com/v2/media/ghs/bf135f01-1678-4573-8658-35dc028d138c/f547caec-daa9-4925-bae4-e292132b7e96_960479136.jpeg?h=225&w=225,Food Cupboard,"Dried Pasta, Rice, Noodles & Cous Cous"
314838410,Tesco Finest Penne Rigate 500g,£1.75,£3.50/kg,,,False,,False,,2,False,https://www.tesco.com/groceries/en-GB/products/314838410,https://digitalcontent.api.tesco.com/v2/media/ghs/a40575c4-9589-4f6d-90b5-ede0e4f18880/261f93aa-f88c-4701-ba81-7849db2924c8_1713082929.jpeg?h=225&w=225,Food Cupboard,"Dried Pasta, Rice, Noodles & Cous Cous"
256532598,Tesco Cous Cous 500G,£1.20,£2.40/kg,,,False,,False,4.6,38,False,https://www.tesco.com/groceries/en-GB/products/256532598,https://digitalcontent.api.tesco.com/v2/media/ghs/65a5c012-3a1c-47e9-8747-e23adcb278f7/71b396e5-2803-45cb-8f62-f2f8b4665a30_2044058690.jpeg?h=225&w=225,Food Cupboard,"Dried Pasta, Rice, Noodles & Cous Cous"
260182796,Pot Noodle Original Curry Instant Noodles King Pot 114g,£1.35,£11.84/kg,,,False,,False,3.8,50,False,https://www.tesco.com/groceries/en-GB/products/260182796,https://digitalcontent.api.tesco.com/v2/media/ghs/abb9140f-30d3-45ac-9975-2725ba92d24f/ba6afe29-fe83-4d8f-ba14-5bf54a0be721_1174802314.jpeg?h=225&w=225,Food Cupboard,"Dried Pasta, Rice, Noodles & Cous Cous"
260188598,Pot Noodle Bombay Bad Boy Instant Noodles King Pot 114g,£1.35,£11.84/kg,,,False,,False,4.5,56,False,https://www.tesco.com/groceries/en-GB/products/260188598,https://digitalcontent.api.tesco.com/v2/media/ghs/bbd4fbf9-8a62-48ad-9a5d-6229911f2d4f/006c2bd6-ac1e-400c-8cd2-01e860dce2fc_59161067.jpeg?h=225&w=225,Food Cupboard,"Dried Pasta, Rice, Noodles & Cous Cous"
262562476,Pot Noodle Beef & Tomato Instant Noodles King Pot 114g,£1.35,£11.84/kg,,,False,,False,3.9,286,False,https://www.tesco.com/groceries/en-GB/products/262562476,https://digitalcontent.api.tesco.com/v2/media/ghs/f5096afb-f0e3-428d-a2c5-e23cbd4e3a27/8c64b3ae-fe01-42d7-abf8-9ebda464af86_35334189.jpeg?h=225&w=225,Food Cupboard,"Dried Pasta, Rice, Noodles & Cous Cous"
254462173,Koka Instant Noodles Chicken Flavour 85G,£0.45,£5.29/kg,,,False,,False,4.6,20,False,https://www.tesco.com/groceries/en-GB/products/254462173,https://digitalcontent.api.tesco.com/v2/media/ghs/b41911e7-2d90-4f37-8531-dfc9cdf5c6e5/ccb18eed-9a54-4fbf-a52d-0a11b906c021_668910178.jpeg?h=225&w=225,Food Cupboard,"Dried Pasta, Rice, Noodles & Cous Cous"
293396917,Pot Noodle Sticky Rib Instant Noodles King Pot 114g,£1.35,£11.84/kg,,,False,,False,4.1,104,False,https://www.tesco.com/groceries/en-GB/products/293396917,https://digitalcontent.api.tesco.com/v2/media/ghs/bcbf1092-9201-4226-85b1-1dd46317ea62/badd679d-db27-4136-84ac-f6d3093a7ac5_87662908.jpeg?h=225&w=225,Food Cupboard,"Dried Pasta, Rice, Noodles & Cous Cous"
303671761,Batchelors Super Rice Golden Quick Cook 90G,£1.00,£11.11/kg,,,False,,False,4.5,44,False,https://www.tesco.com/groceries/en-GB/products/303671761,https://digitalcontent.api.tesco.com/v2/media/ghs/bddca453-7860-41e9-bf9e-34a33d31362c/6db2f0bf-7107-4db4-aa34-09b6455e08e8_1380699831.jpeg?h=225&w=225,Food Cupboard,"Dried Pasta, Rice, Noodles & Cous Cous"
260183154,Pot Noodle Sweet & Sour Instant Noodles 90g,£1.10,£12.22/kg,70p Clubcard Price,(£7.78/kg),True,Offer valid for delivery from 16/04/2025 until 13/05/2025,False,4.4,40,False,https://www.tesco.com/groceries/en-GB/products/260183154,https://digitalcontent.api.tesco.com/v2/media/ghs/0927d12e-ce32-4cfb-a06a-79eeb7815624/38ccc52a-80c2-41cd-8efc-0183c868611b_419579227.jpeg?h=225&w=225,Food Cupboard,"Dried Pasta, Rice, Noodles & Cous Cous"
260188496,Pot Noodle Bombay Bad Boy Instant Noodles 90g,£1.10,£12.22/kg,70p Clubcard Price,(£7.78/kg),True,Offer valid for delivery from 16/04/2025 until 13/05/2025,False,,49,False,https://www.tesco.com/groceries/en-GB/products/260188496,https://digitalcontent.api.tesco.com/v2/media/ghs/5d896eac-ef35-4a4e-84b0-96b6ed9873f5/10ef0bc6-d893-40e5-9550-4f766c118ee7_1995742290.jpeg?h=225&w=225,Food Cupboard,"Dried Pasta, Rice, Noodles & Cous Cous"
254877454,Tesco Easy Cook Brown Rice 1Kg,£1.39,£1.39/kg,,,False,,False,4.2,28,False,https://www.tesco.com/groceries/en-GB/products/254877454,https://digitalcontent.api.tesco.com/v2/media/ghs/ab8a5731-dea1-49b2-83a8-a397bc722e6a/snapshotimagehandler_1766629902.jpeg?h=225&w=225,Food Cupboard,"Dried Pasta, Rice, Noodles & Cous Cous"
289863993,Tilda Wholegrain Basmati & Wild Rice 250g,£1.25,£5.00/kg,,,False,,False,4.4,11,False,https://www.tesco.com/groceries/en-GB/products/289863993,https://digitalcontent.api.tesco.com/v2/media/ghs/a631b2cf-f508-48f2-9e43-28c32997f985/8fa27e1c-454a-49bc-92e1-bbc35f8e2274_1661926171.jpeg?h=225&w=225,Food Cupboard,"Dried Pasta, Rice, Noodles & Cous Cous"
264130326,Tesco Roasted Vegetable Flavour Couscous 110G,£0.70,£6.36/kg,,,False,,False,3.9,18,False,https://www.tesco.com/groceries/en-GB/products/264130326,https://digitalcontent.api.tesco.com/v2/media/ghs/15b778d8-9353-47e3-928a-d9d0d34810ca/635c4710-0577-4090-8b24-a9c4ee2709e7_667383779.jpeg?h=225&w=225,Food Cupboard,"Dried Pasta, Rice, Noodles & Cous Cous"
285617629,Nissin Soba Classic Instant Noodles 90G,£1.75,£19.44/kg,,,False,,False,4.4,56,False,https://www.tesco.com/groceries/en-GB/products/285617629,https://digitalcontent.api.tesco.com/v2/media/ghs/ff60b091-daf5-4190-8782-2bbd215b04de/21be5ac0-7152-4d35-95e1-ca8e189ceedf_1688375588.jpeg?h=225&w=225,Food Cupboard,"Dried Pasta, Rice, Noodles & Cous Cous"
253748586,Tesco Lemon & Coriander Cous Cous 110G,£0.70,£6.36/kg,,,False,,False,4.5,57,False,https://www.tesco.com/groceries/en-GB/products/253748586,https://digitalcontent.api.tesco.com/v2/media/ghs/22d37575-00f4-409c-9a0c-a3e0deeb0efc/02a3e31b-5709-4a47-978f-88ac967e046a_2119733483.jpeg?h=225&w=225,Food Cupboard,"Dried Pasta, Rice, Noodles & Cous Cous"
253748557,Tesco Mediterranean Style Couscous 110G,£0.70,£6.36/kg,,,False,,False,4.3,24,False,https://www.tesco.com/groceries/en-GB/products/253748557,https://digitalcontent.api.tesco.com/v2/media/ghs/e7ad3176-c677-43f8-8ec8-ce8bb31d7ea8/15eb424f-4e5c-48bd-81eb-e84bc8479f82_581275507.jpeg?h=225&w=225,Food Cupboard,"Dried Pasta, Rice, Noodles & Cous Cous"
276056782,Tesco Straight To Wok Medium Noodles 300G,£1.00,£3.33/kg,,,False,,False,3.2,43,False,https://www.tesco.com/groceries/en-GB/products/276056782,https://digitalcontent.api.tesco.com/v2/media/ghs/7e6f0508-be20-4355-9d3a-40ff906144d8/d4d7e1fa-cd7f-4968-bcf5-aac0b0f61f7a_1035700034.jpeg?h=225&w=225,Food Cupboard,"Dried Pasta, Rice, Noodles & Cous Cous"
250028337,Tesco Macaroni Pasta 1Kg,£1.29,£1.29/kg,,,False,,False,4.8,68,False,https://www.tesco.com/groceries/en-GB/products/250028337,https://digitalcontent.api.tesco.com/v2/media/ghs/baae39d0-cf29-4a54-8bc9-2c74cf76b088/bba4be9f-1e63-4fa9-ad32-1c638b162726_80341239.jpeg?h=225&w=225,Food Cupboard,"Dried Pasta, Rice, Noodles & Cous Cous"
254878516,Tesco Conchiglie Pasta Shells 1Kg,£1.29,£1.29/kg,,,False,,False,4.2,44,False,https://www.tesco.com/groceries/en-GB/products/254878516,https://digitalcontent.api.tesco.com/v2/media/ghs/e4bfad41-743a-456e-8e0a-171b3fb4e5ca/f67f080e-1f8b-40a3-a1e8-a96896990d6c_1188737870.jpeg?h=225&w=225,Food Cupboard,"Dried Pasta, Rice, Noodles & Cous Cous"
297484657,Tesco Wholewheat Fusilli Pasta 1kg,£1.29,£1.29/kg,,,False,,False,4.9,32,False,https://www.tesco.com/groceries/en-GB/products/297484657,https://digitalcontent.api.tesco.com/v2/media/ghs/2708d704-53e6-4fa7-af87-5a3c0a768924/29ee8b3a-9e4a-4430-99e0-e9796428966b_206687977.jpeg?h=225&w=225,Food Cupboard,"Dried Pasta, Rice, Noodles & Cous Cous"
255340327,Tesco Quick Cook Spaghetti Pasta 500G,£0.65,£1.30/kg,,,False,,False,4.3,37,False,https://www.tesco.com/groceries/en-GB/products/255340327,https://digitalcontent.api.tesco.com/v2/media/ghs/401d5fc0-0441-44a5-a7fb-9d6ededc9ec8/3fff7a3b-58cc-4027-a948-966b2ccefb46_510879636.jpeg?h=225&w=225,Food Cupboard,"Dried Pasta, Rice, Noodles & Cous Cous"
260526533,Tesco Wholewheat Penne 500g,£0.75,£1.50/kg,,,False,,False,4.7,70,False,https://www.tesco.com/groceries/en-GB/products/260526533,https://digitalcontent.api.tesco.com/v2/media/ghs/93b8851f-e108-4ebd-a58a-7a4523890d7f/beb2df01-3d76-4f29-9ed1-75c0b6487dda_1510072948.jpeg?h=225&w=225,Food Cupboard,"Dried Pasta, Rice, Noodles & Cous Cous"
295870635,Batchelors Super Noodles Pot Bbq Beef 75G,£1.00,£13.33/kg,,,False,,False,3.8,53,False,https://www.tesco.com/groceries/en-GB/products/295870635,https://digitalcontent.api.tesco.com/v2/media/ghs/e0077a21-af1d-4c2b-9802-bd3c44843654/beb68766-8f22-497a-a06b-654592f01a63_1609138810.jpeg?h=225&w=225,Food Cupboard,"Dried Pasta, Rice, Noodles & Cous Cous"
303671749,Batchelors Super Noodles Mild Curry 90G,£1.00,£11.11/kg,,,False,,False,4.1,74,False,https://www.tesco.com/groceries/en-GB/products/303671749,https://digitalcontent.api.tesco.com/v2/media/ghs/065de194-620a-4d44-b41d-4cecd7877851/347c252b-56f0-4c00-9854-e43ffdd2de4b_1203947489.jpeg?h=225&w=225,Food Cupboard,"Dried Pasta, Rice, Noodles & Cous Cous"
255340108,Tesco Quick Cook Fusilli Pasta 500G,£0.65,£1.30/kg,,,False,,False,4.5,52,False,https://www.tesco.com/groceries/en-GB/products/255340108,https://digitalcontent.api.tesco.com/v2/media/ghs/b892dd9d-cab9-48d8-8f36-45b3d7f926e9/f53559db-c9d1-4d64-8cb8-c5633fcbe22e_2055084015.jpeg?h=225&w=225,Food Cupboard,"Dried Pasta, Rice, Noodles & Cous Cous"
256502509,Tilda Pure Basmati Rice 1Kg,£5.00,£5.00/kg,£4.40 Clubcard Price,(£4.40/kg),True,Offer valid for delivery from 16/04/2025 until 13/05/2025,False,4.5,55,False,https://www.tesco.com/groceries/en-GB/products/256502509,https://digitalcontent.api.tesco.com/v2/media/ghs/a08bdc74-e2f1-4cff-b352-ae4688ee0020/810417c5-191b-41e0-bd9d-3a6fd159b520_1364448097.jpeg?h=225&w=225,Food Cupboard,"Dried Pasta, Rice, Noodles & Cous Cous"
292010305,Tesco Quinoa 300G,£2.90,£9.67/kg,,,False,,False,3.1,12,False,https://www.tesco.com/groceries/en-GB/products/292010305,https://digitalcontent.api.tesco.com/v2/media/ghs/c7828572-eb37-481f-ae90-02e536a5bea6/3a2f5da7-68f4-4ab2-813e-4b3b014d84bb_1682877966.jpeg?h=225&w=225,Food Cupboard,"Dried Pasta, Rice, Noodles & Cous Cous"
309204920,Ben's Original Boil In Bag Long Grain Rice 500G,£3.15,£6.30/kg,,,False,,False,4.7,48,False,https://www.tesco.com/groceries/en-GB/products/309204920,https://digitalcontent.api.tesco.com/v2/media/ghs/89596829-bdf1-4de7-ad5c-9d01de376905/d6545df7-e582-44d7-9a92-4fba9ddb13bc_1843466521.jpeg?h=225&w=225,Food Cupboard,"Dried Pasta, Rice, Noodles & Cous Cous"
250351898,Tesco Ingredients Spanish Paella Rice 500G,£2.40,£4.80/kg,,,False,,False,3.4,16,False,https://www.tesco.com/groceries/en-GB/products/250351898,https://digitalcontent.api.tesco.com/v2/media/ghs/a069b189-3086-488e-ab87-ae72c3fd0947/4a986ff6-0abd-424f-8af1-a39f783759cb_1105119315.jpeg?h=225&w=225,Food Cupboard,"Dried Pasta, Rice, Noodles & Cous Cous"
272730071,Cook Italia Grated Hard Cheese 50G,£1.70,£34.00/kg,,,False,,False,3.3,9,False,https://www.tesco.com/groceries/en-GB/products/272730071,https://digitalcontent.api.tesco.com/v2/media/ghs/1406742e-f3cd-4d37-aa97-5996af2385ce/696c0068-4f93-4c09-a115-ebf7e1124640_1136333592.jpeg?h=225&w=225,Food Cupboard,"Dried Pasta, Rice, Noodles & Cous Cous"
255590785,Tilda Pure Basmati Rice 500G,£3.00,£6.00/kg,,,False,,False,4.9,47,False,https://www.tesco.com/groceries/en-GB/products/255590785,https://digitalcontent.api.tesco.com/v2/media/ghs/63c14890-ef8e-42b5-b571-6440997c6a4e/379ec95e-7e38-4d99-862c-d9cc8bc5cedd_835474054.jpeg?h=225&w=225,Food Cupboard,"Dried Pasta, Rice, Noodles & Cous Cous"
278086264,Tesco Easy Cook Brown Rice 2Kg,£2.85,£1.42/kg,,,False,,False,4.2,33,False,https://www.tesco.com/groceries/en-GB/products/278086264,https://digitalcontent.api.tesco.com/v2/media/ghs/3e0d031a-f4a1-4c53-890b-208b33d2704c/e9721053-0746-4a07-8e6d-03abd9ecd751_1494938508.jpeg?h=225&w=225,Food Cupboard,"Dried Pasta, Rice, Noodles & Cous Cous"
250646417,De Cecco Linguine 500G,£2.00,£4.00/kg,£1.35 Clubcard Price,(£2.70/kg),True,Offer valid for delivery from 16/04/2025 until 13/05/2025,False,,6,False,https://www.tesco.com/groceries/en-GB/products/250646417,https://digitalcontent.api.tesco.com/v2/media/ghs/4db57020-a0d3-4156-b4c0-3f7f05698804/9a0b42f9-94ae-4601-a101-e2626c8f2c1e_75261628.jpeg?h=225&w=225,Food Cupboard,"Dried Pasta, Rice, Noodles & Cous Cous"
250646832,De Cecco Spaghetti 500G,£2.00,£4.00/kg,£1.35 Clubcard Price,(£2.70/kg),True,Offer valid for delivery from 16/04/2025 until 13/05/2025,False,4.9,8,False,https://www.tesco.com/groceries/en-GB/products/250646832,https://digitalcontent.api.tesco.com/v2/media/ghs/bf26a3cd-1474-4f2b-ae05-674662d1af3f/ad3b8f10-5a6d-4ee1-a7a9-67ae8b488fbf_1370229584.jpeg?h=225&w=225,Food Cupboard,"Dried Pasta, Rice, Noodles & Cous Cous"
262313373,Tilda Brown Steamed Basmati Rice Classic 250G,£1.00,£4.00/kg,,,False,,False,,7,False,https://www.tesco.com/groceries/en-GB/products/262313373,https://digitalcontent.api.tesco.com/v2/media/ghs/a0034417-b129-4b90-b6c8-df620c8e3b0b/f7af216f-3c72-46dd-bed1-bb8c07ba8c8f_918535113.jpeg?h=225&w=225,Food Cupboard,"Dried Pasta, Rice, Noodles & Cous Cous"
255006056,Amoy Udon Thick Noodles 2X150g,£2.15,£7.17/kg,£1.50 Clubcard Price,(£5.00/kg),True,Offer valid for delivery from 16/04/2025 until 29/04/2025,False,4.7,40,False,https://www.tesco.com/groceries/en-GB/products/255006056,https://digitalcontent.api.tesco.com/v2/media/ghs/60f1d0b3-40f5-41a1-b3e2-f46eeb5c4bf4/fad5b9c4-9591-4088-a1e0-f37e46f17bb3_1239067420.jpeg?h=225&w=225,Food Cupboard,"Dried Pasta, Rice, Noodles & Cous Cous"
272673304,Mama Vermicelli Noodles 225G,£1.95,£8.67/kg,,,False,,False,4.1,16,False,https://www.tesco.com/groceries/en-GB/products/272673304,https://digitalcontent.api.tesco.com/v2/media/ghs/a58e2bcb-de4f-43e2-918b-85d9dd5cb7bb/9f6b5fae-04e0-4a72-a0b2-81d4ce66b70c_630059600.jpeg?h=225&w=225,Food Cupboard,"Dried Pasta, Rice, Noodles & Cous Cous"
313163149,Ben's Original Long Grain Microwave Rice 220g,£1.00,£4.54/kg,,,False,,False,4.6,99,False,https://www.tesco.com/groceries/en-GB/products/313163149,https://digitalcontent.api.tesco.com/v2/media/ghs/7e12541b-f299-478b-9a30-14017ab11791/01095ef8-3d87-4cd3-b391-c45636032431_1440446779.jpeg?h=225&w=225,Food Cupboard,"Dried Pasta, Rice, Noodles & Cous Cous"
312855473,Ben's Original Basmati Microwave Rice 220g,£1.00,£4.54/kg,,,False,,False,4.7,95,False,https://www.tesco.com/groceries/en-GB/products/312855473,https://digitalcontent.api.tesco.com/v2/media/ghs/78c48be8-f944-4b3f-abe8-ffd30226e5e2/a6322f25-884f-4bcf-add2-fc44f4139db5_140575620.jpeg?h=225&w=225,Food Cupboard,"Dried Pasta, Rice, Noodles & Cous Cous"
308113228,Napolina Spaghetti Box 500G,£1.50,£3.00/kg,,,False,,False,,5,False,https://www.tesco.com/groceries/en-GB/products/308113228,https://digitalcontent.api.tesco.com/v2/media/ghs/c566858f-8d01-48cd-94ff-637d4e726931/4d9283e6-44e2-4873-82ac-f47fefae5ea9_1724931625.jpeg?h=225&w=225,Food Cupboard,"Dried Pasta, Rice, Noodles & Cous Cous"
297484755,Tesco Gluten Free Red Lentil Fusilli 250g,£1.80,£7.20/kg,,,False,,False,4.6,59,False,https://www.tesco.com/groceries/en-GB/products/297484755,https://digitalcontent.api.tesco.com/v2/media/ghs/e6053a14-0d51-494f-9c56-954e24a80ed5/014d8763-45f6-43d0-a7e3-96d31593f74d_1856050697.jpeg?h=225&w=225,Food Cupboard,"Dried Pasta, Rice, Noodles & Cous Cous"
308112264,Napolina Penne Pasta 500G,£1.50,£3.00/kg,,,False,,False,4.3,7,False,https://www.tesco.com/groceries/en-GB/products/308112264,https://digitalcontent.api.tesco.com/v2/media/ghs/5341fbdd-df6f-4263-808d-dd825b9f4e7a/00f9a70f-3180-4688-bf2c-90afceedc37a_497013521.jpeg?h=225&w=225,Food Cupboard,"Dried Pasta, Rice, Noodles & Cous Cous"
308100981,Napolina Rigatoni Pasta 500G,£1.50,£3.00/kg,,,False,,False,4.8,5,False,https://www.tesco.com/groceries/en-GB/products/308100981,https://digitalcontent.api.tesco.com/v2/media/ghs/d1536c93-bbf5-45da-8271-3f188f45d336/43e35e3f-eb16-45df-8f96-9b0b3e23bc6a_1412235935.jpeg?h=225&w=225,Food Cupboard,"Dried Pasta, Rice, Noodles & Cous Cous"
306955818,Nissin Wok Style Soba Noodles Classic 109G,£1.20,£11.01/kg,£1.00 Clubcard Price,(£9.17/kg),True,Offer valid for delivery from 16/04/2025 until 13/05/2025,False,4.7,41,False,https://www.tesco.com/groceries/en-GB/products/306955818,https://digitalcontent.api.tesco.com/v2/media/ghs/c1d128ca-bf55-4971-9d83-39af0e377274/e4e2bd2b-c53d-423d-91ec-1cd7b51ca46d_713889597.jpeg?h=225&w=225,Food Cupboard,"Dried Pasta, Rice, Noodles & Cous Cous"
256538041,Tesco Pearl Barley 500G,£1.10,£2.20/kg,,,False,,False,4.7,54,False,https://www.tesco.com/groceries/en-GB/products/256538041,https://digitalcontent.api.tesco.com/v2/media/ghs/b823c78e-e895-4c6c-b4db-4248903ea0f9/80a14f1d-d495-4588-941b-7eb847e91969_1218215327.jpeg?h=225&w=225,Food Cupboard,"Dried Pasta, Rice, Noodles & Cous Cous"
277017009,Tesco Margheritine Soup Pasta 250G,£0.85,£3.40/kg,,,False,,False,4.8,18,False,https://www.tesco.com/groceries/en-GB/products/277017009,https://digitalcontent.api.tesco.com/v2/media/ghs/44b742f9-5a12-4532-a5ff-24601b3f0082/189857f7-d138-4e98-9e89-038b881c3a0a_1942747915.jpeg?h=225&w=225,Food Cupboard,"Dried Pasta, Rice, Noodles & Cous Cous"
258183865,Tesco Easy Cook Basmati Rice 1Kg,£1.85,£1.85/kg,,,False,,False,3.3,33,False,https://www.tesco.com/groceries/en-GB/products/258183865,https://digitalcontent.api.tesco.com/v2/media/ghs/bc98bdcc-5224-43d8-86d3-2f66b1e327ab/d7eefa9c-adc3-436b-884f-3092c1baeeec_805732034.jpeg?h=225&w=225,Food Cupboard,"Dried Pasta, Rice, Noodles & Cous Cous"
308851241,Veetee Heat Eat Thai Jasmine Rice 2X140g,£1.15,£4.11/kg,£1.00 Clubcard Price,(£3.57/kg),True,Offer valid for delivery from 16/04/2025 until 13/05/2025,False,4.7,9,False,https://www.tesco.com/groceries/en-GB/products/308851241,https://digitalcontent.api.tesco.com/v2/media/ghs/5db99ec9-0597-4479-b410-33980564940c/625aa378-0c1e-4fb3-a161-9ecc6ac7e8dc_369535268.jpeg?h=225&w=225,Food Cupboard,"Dried Pasta, Rice, Noodles & Cous Cous"
311264586,Veetee Heat & Eat Basmati Rice Pot 2 X 125G,£1.15,£4.60/kg,£1.00 Clubcard Price,(£4.00/kg),True,Offer valid for delivery from 16/04/2025 until 13/05/2025,False,4.9,19,False,https://www.tesco.com/groceries/en-GB/products/311264586,https://digitalcontent.api.tesco.com/v2/media/ghs/f463b18e-2f3d-49cc-be71-60935fff907a/f1e98690-30da-48c5-b479-060e1e095fc3_1141219650.jpeg?h=225&w=225,Food Cupboard,"Dried Pasta, Rice, Noodles & Cous Cous"
262311980,Tilda Pilau Basmati Rice 250g,£1.00,£4.00/kg,,,False,,False,4.9,18,False,https://www.tesco.com/groceries/en-GB/products/262311980,https://digitalcontent.api.tesco.com/v2/media/ghs/93af78ff-d5d3-4673-8994-b005026a677a/0169e03c-d603-4fb9-a745-eb2999857576_1068407064.jpeg?h=225&w=225,Food Cupboard,"Dried Pasta, Rice, Noodles & Cous Cous"
254877362,Tesco Easy Cook Long Grain Rice 2Kg,£2.35,£1.18/kg,,,False,,False,4.8,62,False,https://www.tesco.com/groceries/en-GB/products/254877362,https://digitalcontent.api.tesco.com/v2/media/ghs/5f490bce-295f-44ed-8d20-668a2c980028/481d6ab6-bb67-4738-9d3a-4ee0bd9773c3_60342742.jpeg?h=225&w=225,Food Cupboard,"Dried Pasta, Rice, Noodles & Cous Cous"
262312184,Tilda Lime & Coriander Basmati Rice 250g,£1.25,£5.00/kg,,,False,,False,4.3,15,False,https://www.tesco.com/groceries/en-GB/products/262312184,https://digitalcontent.api.tesco.com/v2/media/ghs/343f6529-36d7-4dbe-bfeb-d50c07bdec9e/9ab4cb90-609a-4f34-9fea-e722399cb410_1980307718.jpeg?h=225&w=225,Food Cupboard,"Dried Pasta, Rice, Noodles & Cous Cous"
284851358,Tilda Wholegrain Basmati & Quinoa Rice 250g,£1.25,£5.00/kg,,,False,,False,4.6,19,False,https://www.tesco.com/groceries/en-GB/products/284851358,https://digitalcontent.api.tesco.com/v2/media/ghs/40447dfa-690e-4e23-a397-74fe4fa8443f/0c03ca98-65f8-40c8-bc83-2fd8eae1f0cf_1272855032.jpeg?h=225&w=225,Food Cupboard,"Dried Pasta, Rice, Noodles & Cous Cous"
271326154,Tilda Coconut Basmati Rice 250g,£1.25,£5.00/kg,,,False,,False,4.2,13,False,https://www.tesco.com/groceries/en-GB/products/271326154,https://digitalcontent.api.tesco.com/v2/media/ghs/7d7ac15a-5800-4146-983c-1393b25f85dc/d62faa21-16a6-4864-8569-9d3876d120ef_414214552.jpeg?h=225&w=225,Food Cupboard,"Dried Pasta, Rice, Noodles & Cous Cous"
262313396,Tilda Sun Dried Tomato & Basil Basmati Rice 250G,£1.25,£5.00/kg,,,False,,False,4.8,18,False,https://www.tesco.com/groceries/en-GB/products/262313396,https://digitalcontent.api.tesco.com/v2/media/ghs/08ba7b32-2897-4231-a313-ed86c634aa44/eb74bfb7-f420-40b8-9877-6753dc46e112_1715987775.jpeg?h=225&w=225,Food Cupboard,"Dried Pasta, Rice, Noodles & Cous Cous"
271325967,Tilda Lemon & Herbs Basmati Rice 250g,£1.25,£5.00/kg,,,False,,False,4.5,11,False,https://www.tesco.com/groceries/en-GB/products/271325967,https://digitalcontent.api.tesco.com/v2/media/ghs/f81f2af6-93d8-40ba-a6cb-44f290bc757d/70e7a90d-9874-492c-a24c-0c18372ae93f_1755359942.jpeg?h=225&w=225,Food Cupboard,"Dried Pasta, Rice, Noodles & Cous Cous"
301325599,Tilda Caribbean Rice & Peas Basmati Rice 250g,£1.25,£5.00/kg,,,False,,False,4.6,21,False,https://www.tesco.com/groceries/en-GB/products/301325599,https://digitalcontent.api.tesco.com/v2/media/ghs/ce53eed7-58f6-4e06-abeb-682ad12af712/bf7bc869-4504-420a-963d-ca2d9bda047b_1749165271.jpeg?h=225&w=225,Food Cupboard,"Dried Pasta, Rice, Noodles & Cous Cous"
303823489,Tilda Peri Peri Basmati Rice 250G,£1.25,£5.00/kg,,,False,,False,4.9,19,False,https://www.tesco.com/groceries/en-GB/products/303823489,https://digitalcontent.api.tesco.com/v2/media/ghs/7d3d0e3a-3595-479b-8097-f73837922683/017fb58e-c30f-434a-bcc1-2e205d23037a_931608384.jpeg?h=225&w=225,Food Cupboard,"Dried Pasta, Rice, Noodles & Cous Cous"
297974642,Ainsley Harriott Roasted Vegetable Couscous 100G,£0.90,£9.00/kg,70p Clubcard Price,(£7.00/kg),True,Offer valid for delivery from 16/04/2025 until 13/05/2025,False,4.1,8,False,https://www.tesco.com/groceries/en-GB/products/297974642,https://digitalcontent.api.tesco.com/v2/media/ghs/b6871c79-fb82-40eb-83c8-7fa5e0906d28/a81bedf9-dfce-4994-88bc-8b8ad9fd2453_492272732.jpeg?h=225&w=225,Food Cupboard,"Dried Pasta, Rice, Noodles & Cous Cous"
286213028,Nissin Soba Chilli Instant Noodles 92G,£1.75,£19.02/kg,,,False,,False,4.8,47,False,https://www.tesco.com/groceries/en-GB/products/286213028,https://digitalcontent.api.tesco.com/v2/media/ghs/e5796390-9c32-4227-8cd0-76c74cf7a74b/ba08bf11-b78d-4322-b1f4-da53b12b5ba3_74672677.jpeg?h=225&w=225,Food Cupboard,"Dried Pasta, Rice, Noodles & Cous Cous"
297172750,Nissin Cup Noodles Soba Wok Style Yakitori Chicken 89g,£1.75,£19.66/kg,,,False,,False,4.9,41,False,https://www.tesco.com/groceries/en-GB/products/297172750,https://digitalcontent.api.tesco.com/v2/media/ghs/27865bdb-edef-42f0-8b3a-10cdb0f934aa/de2a31ee-5186-41d1-8087-da4af62a0964_1055912458.jpeg?h=225&w=225,Food Cupboard,"Dried Pasta, Rice, Noodles & Cous Cous"
285633532,Nissin Soba Teriyaki Instant Noodles 90G,£1.75,£19.44/kg,,,False,,False,4.4,49,False,https://www.tesco.com/groceries/en-GB/products/285633532,https://digitalcontent.api.tesco.com/v2/media/ghs/e9be5261-2eb4-4f3a-b1e5-f5a786add44d/b1ae93c4-c8dc-4df3-bb14-340d77ea9d23_663791755.jpeg?h=225&w=225,Food Cupboard,"Dried Pasta, Rice, Noodles & Cous Cous"
306936559,Nissin Wok Style Soba Noodles - Teriyaki 110g,£1.20,£10.91/kg,£1.00 Clubcard Price,(£9.09/kg),True,Offer valid for delivery from 16/04/2025 until 13/05/2025,False,4.8,33,False,https://www.tesco.com/groceries/en-GB/products/306936559,https://digitalcontent.api.tesco.com/v2/media/ghs/c905327e-86e9-4d87-81a3-5ca9f54b9fd6/ce761007-8948-4f36-9784-f37cf65f191a_2060892551.jpeg?h=225&w=225,Food Cupboard,"Dried Pasta, Rice, Noodles & Cous Cous"
289537873,Naked Noodle Chow Mein 78G,£1.25,£16.03/kg,85p Clubcard Price,(£10.90/kg),True,Offer valid for delivery from 08/04/2025 until 08/06/2025,False,3.5,71,False,https://www.tesco.com/groceries/en-GB/products/289537873,https://digitalcontent.api.tesco.com/v2/media/ghs/daf4b2ba-23b2-4537-adea-d1a582930b0c/3d1d3c41-bd30-4a22-b945-407bbcdc7e55_1952146580.jpeg?h=225&w=225,Food Cupboard,"Dried Pasta, Rice, Noodles & Cous Cous"
300455826,Hearty Food Co Spicy Curry Flavoured Noodles 70G,£0.54,£7.71/kg,,,False,,False,2.4,61,False,https://www.tesco.com/groceries/en-GB/products/300455826,https://digitalcontent.api.tesco.com/v2/media/ghs/752d0756-981d-485f-ab39-18de085626a0/3b4b24a4-a854-4831-87a8-26e0b93a3a3b_1468275276.jpeg?h=225&w=225,Food Cupboard,"Dried Pasta, Rice, Noodles & Cous Cous"
303671869,Batchelors Low Fat Super Noodles - Chicken & Herb Flavour 81g,£1.00,£12.35/kg,,,False,,False,,42,False,https://www.tesco.com/groceries/en-GB/products/303671869,https://digitalcontent.api.tesco.com/v2/media/ghs/6a3a1928-2596-4729-9cd2-6fcaf9eb1a7b/243e01c7-4a26-44d7-8678-bef866809102_847243504.jpeg?h=225&w=225,Food Cupboard,"Dried Pasta, Rice, Noodles & Cous Cous"
300455803,Hearty Food Co Chicken & Mushroom Flavoured Noodles 70G,£0.54,£7.71/kg,,,False,,False,1.7,95,False,https://www.tesco.com/groceries/en-GB/products/300455803,https://digitalcontent.api.tesco.com/v2/media/ghs/5b5c43b9-83cd-4b20-8974-5dcde5ba38fd/cf05e2f8-9387-4f37-8e3b-fda5abfa33bd_446342625.jpeg?h=225&w=225,Food Cupboard,"Dried Pasta, Rice, Noodles & Cous Cous"
303646521,Batchelors Low Fat Super Noodles - Chilli Chicken Flavour 81g,£1.00,£12.35/kg,,,False,,False,4.1,33,False,https://www.tesco.com/groceries/en-GB/products/303646521,https://digitalcontent.api.tesco.com/v2/media/ghs/a1386f95-e8f4-4a28-9d4c-91ac6e744362/76bc42df-d5b2-4a2f-a974-8489d1f309be_114395576.jpeg?h=225&w=225,Food Cupboard,"Dried Pasta, Rice, Noodles & Cous Cous"
311789247,Akash Gold Basmati Rice 5Kg,£11.00,£2.20/kg,£8.00 Clubcard Price,(£1.60/kg),True,Offer valid for delivery from 16/04/2025 until 13/05/2025,False,4.5,2,False,https://www.tesco.com/groceries/en-GB/products/311789247,https://digitalcontent.api.tesco.com/v2/media/ghs/1a76d4e5-ada2-4f3f-9fcd-e25f43cbb831/39effffc-3717-4757-a0f6-e7b29d2f4a51_980994888.jpeg?h=225&w=225,Food Cupboard,"Dried Pasta, Rice, Noodles & Cous Cous"
251442449,Tesco Basmati Rice 4Kg,£7.15,£1.79/kg,,,False,,False,3.3,32,False,https://www.tesco.com/groceries/en-GB/products/251442449,https://digitalcontent.api.tesco.com/v2/media/ghs/d8fb2497-9b22-483f-a1c8-cdbd7d2633bf/snapshotimagehandler_1795908897.jpeg?h=225&w=225,Food Cupboard,"Dried Pasta, Rice, Noodles & Cous Cous"
254332039,Tesco Jasmine Rice 1Kg,£3.15,£3.15/kg,,,False,,False,4.4,53,False,https://www.tesco.com/groceries/en-GB/products/254332039,https://digitalcontent.api.tesco.com/v2/media/ghs/97f90247-5d1c-4438-8f4d-b687512123eb/b2d01643-0349-4729-aeeb-62d86d07979f_439108490.jpeg?h=225&w=225,Food Cupboard,"Dried Pasta, Rice, Noodles & Cous Cous"
260042333,Dolmio Fusilli Microwave Pasta Twists 200g,£2.00,£10.00/kg,,,False,,False,3.8,5,False,https://www.tesco.com/groceries/en-GB/products/260042333,https://digitalcontent.api.tesco.com/v2/media/ghs/096ee0bb-2c76-4d2b-8348-5be5e9ca4dd5/bb3cc434-7df4-41da-8f49-746baba55f6e_949590063.jpeg?h=225&w=225,Food Cupboard,"Dried Pasta, Rice, Noodles & Cous Cous"
260343576,Tesco Carnaroli Risotto Rice 500G,£2.50,£5.00/kg,,,False,,False,4.6,25,False,https://www.tesco.com/groceries/en-GB/products/260343576,https://digitalcontent.api.tesco.com/v2/media/ghs/f528949d-fe8b-440d-9fd2-fee1ebb3e3be/962350c8-9a46-4197-92ad-ad06d30d09e5_1323203766.jpeg?h=225&w=225,Food Cupboard,"Dried Pasta, Rice, Noodles & Cous Cous"
257582008,Tesco Easy Cook Long Grain & Wild Rice 500g,£2.40,£4.80/kg,,,False,,False,4.5,17,False,https://www.tesco.com/groceries/en-GB/products/257582008,https://digitalcontent.api.tesco.com/v2/media/ghs/a982e762-0ae5-42b7-a238-166e36f1af73/snapshotimagehandler_1921439051.jpeg?h=225&w=225,Food Cupboard,"Dried Pasta, Rice, Noodles & Cous Cous"
256533144,Tesco Wholefoods Bulgar Wheat 500G,£2.00,£4.00/kg,,,False,,False,4.7,29,False,https://www.tesco.com/groceries/en-GB/products/256533144,https://digitalcontent.api.tesco.com/v2/media/ghs/682cc028-afd2-424c-9dda-fa35018e9f03/77e0dd20-933f-42a6-b99b-68abee22dbbd_476885796.jpeg?h=225&w=225,Food Cupboard,"Dried Pasta, Rice, Noodles & Cous Cous"
259758829,Tilda Boil In Bag Basmati Rice 4 X 62.5G,£2.00,£8.00/kg,,,False,,False,4.5,10,False,https://www.tesco.com/groceries/en-GB/products/259758829,https://digitalcontent.api.tesco.com/v2/media/ghs/f2ba06c4-17e6-4910-818b-e31fec743d10/c1a8eda2-b160-4ab9-bedc-b04ca10bf53f_1062707659.jpeg?h=225&w=225,Food Cupboard,"Dried Pasta, Rice, Noodles & Cous Cous"
303823507,Tilda Fragrant Jasmine Rice 250g,£1.00,£4.00/kg,,,False,,False,4.3,9,False,https://www.tesco.com/groceries/en-GB/products/303823507,https://digitalcontent.api.tesco.com/v2/media/ghs/c50ca341-ad3d-4a51-bdef-32a2bcdf553d/4b5f2354-6f3e-4e21-82ec-8e113425d96d_1092218099.jpeg?h=225&w=225,Food Cupboard,"Dried Pasta, Rice, Noodles & Cous Cous"
273988374,Merchant Gourmet Red & White Quinoa 250G,£2.15,£8.60/kg,£1.50 Clubcard Price,(£6.00/kg),True,Offer valid for delivery from 16/04/2025 until 13/05/2025,False,4.4,9,False,https://www.tesco.com/groceries/en-GB/products/273988374,https://digitalcontent.api.tesco.com/v2/media/ghs/1e3d06cd-fc8d-4b2f-bdcd-4823172558f1/638df546-ac2e-4dbd-8b38-d26ddc4da6a3_1393520358.jpeg?h=225&w=225,Food Cupboard,"Dried Pasta, Rice, Noodles & Cous Cous"
289796703,Fullgreen Riced Cauliflower 200G,£2.00,£10.00/kg,£1.50 Save 25% Clubcard Price,(£7.50/kg),True,Offer valid for delivery from 16/04/2025 until 13/05/2025,False,3.1,56,False,https://www.tesco.com/groceries/en-GB/products/289796703,https://digitalcontent.api.tesco.com/v2/media/ghs/4d790da7-63ba-41c9-b4d3-e39063b37595/c34c4cc8-66f5-44c1-87b6-a6d814eb99aa_856359242.jpeg?h=225&w=225,Food Cupboard,"Dried Pasta, Rice, Noodles & Cous Cous"
266385787,Merchant Gourmet Tomatoey Puy & Green Lentils 250G,£2.15,£8.60/kg,£1.50 Clubcard Price,(£6.00/kg),True,Offer valid for delivery from 16/04/2025 until 13/05/2025,False,4.7,15,False,https://www.tesco.com/groceries/en-GB/products/266385787,https://digitalcontent.api.tesco.com/v2/media/ghs/be8fa032-5e44-479a-b108-26ee55123c66/a2437313-7012-47cf-b4ab-bba783748591_1237850345.jpeg?h=225&w=225,Food Cupboard,"Dried Pasta, Rice, Noodles & Cous Cous"
307739002,Napolina Fusilli Pasta 500G,£1.50,£3.00/kg,,,False,,False,,3,False,https://www.tesco.com/groceries/en-GB/products/307739002,https://digitalcontent.api.tesco.com/v2/media/ghs/b3c25fef-11a7-4b80-9cad-adf3b84be6f3/b8d28aed-1943-4cfb-9c09-9f0594280180_1444268159.jpeg?h=225&w=225,Food Cupboard,"Dried Pasta, Rice, Noodles & Cous Cous"
306504201,Nissin Wok Style Soba Noodles - Chili 111g,£1.20,£10.81/kg,£1.00 Clubcard Price,(£9.01/kg),True,Offer valid for delivery from 16/04/2025 until 13/05/2025,False,4.6,46,False,https://www.tesco.com/groceries/en-GB/products/306504201,https://digitalcontent.api.tesco.com/v2/media/ghs/2a10b6ef-f914-4eb1-a801-449fcf5f1eff/d646a96c-bb72-4672-8444-5c62f78319d1_406178306.jpeg?h=225&w=225,Food Cupboard,"Dried Pasta, Rice, Noodles & Cous Cous"
256333064,Tesco Easy Cook Long Grain Rice 4Kg,£4.45,£1.11/kg,,,False,,False,4.4,35,False,https://www.tesco.com/groceries/en-GB/products/256333064,https://digitalcontent.api.tesco.com/v2/media/ghs/ac522468-b403-4b05-bf63-4c624faf1468/8dc16aa0-921c-49f1-a853-bfe8c8d644cf_587361744.jpeg?h=225&w=225,Food Cupboard,"Dried Pasta, Rice, Noodles & Cous Cous"
262312986,Tilda Spicy Mexican Steamed Basmati Rice 250G,£1.25,£5.00/kg,,,False,,False,4.4,7,False,https://www.tesco.com/groceries/en-GB/products/262312986,https://digitalcontent.api.tesco.com/v2/media/ghs/b6a80ee7-7613-471a-bfa7-7b28b0f2371e/0a433e87-a7cb-4ccd-bfd7-6c76de756bc0_406556696.jpeg?h=225&w=225,Food Cupboard,"Dried Pasta, Rice, Noodles & Cous Cous"
254525261,Tilda Chilli And Lime Steamed Basmati Rice 250G,£1.25,£5.00/kg,,,False,,False,4.4,9,False,https://www.tesco.com/groceries/en-GB/products/254525261,https://digitalcontent.api.tesco.com/v2/media/ghs/733acdd2-f0ab-4a5a-a576-9d0095ea1564/a19ce7f1-c5c3-47ed-b8ff-d89536c5563f_547655507.jpeg?h=225&w=225,Food Cupboard,"Dried Pasta, Rice, Noodles & Cous Cous"
262313649,Tilda Mushroom Steamed Basmati Rice 250G,£1.25,£5.00/kg,,,False,,False,4.3,9,False,https://www.tesco.com/groceries/en-GB/products/262313649,https://digitalcontent.api.tesco.com/v2/media/ghs/dc0be03b-73e1-4918-9a56-2f8ad840a5b5/29dcf6dd-19fb-4314-982d-d17f8a6aa329_2016760816.jpeg?h=225&w=225,Food Cupboard,"Dried Pasta, Rice, Noodles & Cous Cous"
297178899,Tilda Firecracker Basmati Rice 250G,£1.25,£5.00/kg,,,False,,False,4.7,7,False,https://www.tesco.com/groceries/en-GB/products/297178899,https://digitalcontent.api.tesco.com/v2/media/ghs/483745e6-c7f2-438e-bc8d-0bc71bf6d052/2d199b81-62d5-4af0-92b6-3466cc419c1a_387905195.jpeg?h=225&w=225,Food Cupboard,"Dried Pasta, Rice, Noodles & Cous Cous"
314416495,Ben's Original Spicy Mexican Microwave Rice 220G,£1.40,£6.36/kg,,,False,,False,4.4,88,False,https://www.tesco.com/groceries/en-GB/products/314416495,https://digitalcontent.api.tesco.com/v2/media/ghs/b9bc1592-122d-4b46-9fc5-8c4eab9586cb/0f7e2a51-3064-4e04-99d5-26bb4d875263_45805813.jpeg?h=225&w=225,Food Cupboard,"Dried Pasta, Rice, Noodles & Cous Cous"
314107227,Ben's Original Golden Vegetable Microwave Rice 220G,£1.40,£6.36/kg,,,False,,False,4.4,187,False,https://www.tesco.com/groceries/en-GB/products/314107227,https://digitalcontent.api.tesco.com/v2/media/ghs/11a29cc4-3c37-43af-a99b-086b6f3e1c92/0d74a448-7921-4385-8195-cdfe55b0620c_105289383.jpeg?h=225&w=225,Food Cupboard,"Dried Pasta, Rice, Noodles & Cous Cous"
314688736,Ainsley Harriot Jamaican Rice & Peas 250G,£1.50,£0.60/100g,,,False,,False,3.9,7,False,https://www.tesco.com/groceries/en-GB/products/314688736,https://digitalcontent.api.tesco.com/v2/media/ghs/5b14fc3d-2dd4-49f0-93ea-8c6bc297d00a/71cb7769-8e68-4d18-a9d6-ace3f07d99be_1297980533.jpeg?h=225&w=225,Food Cupboard,"Dried Pasta, Rice, Noodles & Cous Cous"
314949549,Ainsley Harriot Caribbean Mixed Pepper Rice 250G,£1.50,£0.60/100g,,,False,,False,1.5,2,False,https://www.tesco.com/groceries/en-GB/products/314949549,https://digitalcontent.api.tesco.com/v2/media/ghs/71e56260-6366-4559-9784-8f750bf01b5a/54fd446d-30f7-4e03-b282-3ce238928919_780822066.jpeg?h=225&w=225,Food Cupboard,"Dried Pasta, Rice, Noodles & Cous Cous"
314697437,Ainsley Harriot Caribbean Coconut Rice 250G,£1.50,£0.60/100g,,,False,,False,,,False,https://www.tesco.com/groceries/en-GB/products/314697437,https://digitalcontent.api.tesco.com/v2/media/ghs/afdd13af-7f2d-4894-a0c5-7f21a1e40cdc/47fa6fd7-97cc-4fa3-ad1e-df4453967b56_710148766.jpeg?h=225&w=225,Food Cupboard,"Dried Pasta, Rice, Noodles & Cous Cous"
313751542,Ben's Original Savoury Chicken Microwave Rice 220G,£1.40,£6.36/kg,,,False,,False,4.4,97,False,https://www.tesco.com/groceries/en-GB/products/313751542,https://digitalcontent.api.tesco.com/v2/media/ghs/8486f139-b83a-4fec-879f-291e6a9f7477/15693dfd-4f2e-4539-a7b7-600de00ee8b3_166782400.jpeg?h=225&w=225,Food Cupboard,"Dried Pasta, Rice, Noodles & Cous Cous"
314323685,Ben's Original Korean Bbq Rice 220G,£1.40,£6.36/kg,,,False,,False,,4,False,https://www.tesco.com/groceries/en-GB/products/314323685,https://digitalcontent.api.tesco.com/v2/media/ghs/06d37e63-0154-4576-afe7-17fe72218b56/81d2a921-7e25-4e45-aaed-7ece8ce9e25e_509386573.jpeg?h=225&w=225,Food Cupboard,"Dried Pasta, Rice, Noodles & Cous Cous"
314424525,Ben's Original Mexican Style Microwave Rice 220G,£1.40,£6.36/kg,,,False,,False,4.6,112,False,https://www.tesco.com/groceries/en-GB/products/314424525,https://digitalcontent.api.tesco.com/v2/media/ghs/4c9a45d7-feee-4eb6-a603-68857de54788/8234bb66-65f3-4791-bb75-72ebe9adb2c8_1425271517.jpeg?h=225&w=225,Food Cupboard,"Dried Pasta, Rice, Noodles & Cous Cous"
314327295,Ben's Original Thai Sweet Chilli Microwave Rice 220G,£1.40,£6.36/kg,,,False,,False,4.6,7,False,https://www.tesco.com/groceries/en-GB/products/314327295,https://digitalcontent.api.tesco.com/v2/media/ghs/17b74392-8093-4b3d-abbc-b4bd4d78d029/e0ce57c0-f218-4328-93ac-8e66fe93abb5_175668807.jpeg?h=225&w=225,Food Cupboard,"Dried Pasta, Rice, Noodles & Cous Cous"
314320302,Ben's Original Mushroom Microwave Rice 220G,£1.40,£6.36/kg,,,False,,False,4.6,5,False,https://www.tesco.com/groceries/en-GB/products/314320302,https://digitalcontent.api.tesco.com/v2/media/ghs/340440be-efff-44bd-ae2a-d89aeb415b95/5b5b4259-c8a8-4f5a-91b6-1f679e8386b1_473612041.jpeg?h=225&w=225,Food Cupboard,"Dried Pasta, Rice, Noodles & Cous Cous"
314113513,Ben's Original Pilau Microwave Rice 220g,£1.40,£6.36/kg,,,False,,False,4.5,73,False,https://www.tesco.com/groceries/en-GB/products/314113513,https://digitalcontent.api.tesco.com/v2/media/ghs/cafe5742-08c5-46c3-83e9-6a8dc2a54778/90e28794-c73a-4d15-b2d1-be2077441114_1904536118.jpeg?h=225&w=225,Food Cupboard,"Dried Pasta, Rice, Noodles & Cous Cous"
314301967,Ben's Original Cajun Spiced Microwave Rice 220G,£1.40,£6.36/kg,,,False,,False,4.8,11,False,https://www.tesco.com/groceries/en-GB/products/314301967,https://digitalcontent.api.tesco.com/v2/media/ghs/db0ea690-8141-4603-8417-bb3532e4a741/30c8def6-09e7-4c31-b653-dab5cb03df3a_1806051779.jpeg?h=225&w=225,Food Cupboard,"Dried Pasta, Rice, Noodles & Cous Cous"
314325078,Ben's Original Katsu Curry Microwave Rice 220G,£1.40,£6.36/kg,,,False,,False,,1,False,https://www.tesco.com/groceries/en-GB/products/314325078,https://digitalcontent.api.tesco.com/v2/media/ghs/46338e4c-e46f-458a-9468-3dfe476f0afe/fc8915be-bd64-4a5d-a706-9eb51d4011c9_1053008114.jpeg?h=225&w=225,Food Cupboard,"Dried Pasta, Rice, Noodles & Cous Cous"
314096371,Ben's Original Special Fried Microwave Rice 220g,£1.40,£6.36/kg,,,False,,False,2.2,5,False,https://www.tesco.com/groceries/en-GB/products/314096371,https://digitalcontent.api.tesco.com/v2/media/ghs/662d8ba6-2975-4793-ada1-f67979b888da/31b549bf-a2cb-4145-a0c0-3c32aebbcdbd_1389928418.jpeg?h=225&w=225,Food Cupboard,"Dried Pasta, Rice, Noodles & Cous Cous"
314415162,Ben's Original Tomato Basil Microwave Rice 220G,£1.40,£6.36/kg,,,False,,False,4.2,42,False,https://www.tesco.com/groceries/en-GB/products/314415162,https://digitalcontent.api.tesco.com/v2/media/ghs/ff53a176-781c-4fba-ba13-899b6fb45d56/aa6732e4-49d3-498e-8560-b056743919f5_1890706755.jpeg?h=225&w=225,Food Cupboard,"Dried Pasta, Rice, Noodles & Cous Cous"
314420443,Ben's Original Roasted Garlic Microwave Rice 220g,£1.40,£0.64/100g,,,False,,False,2.7,3,False,https://www.tesco.com/groceries/en-GB/products/314420443,https://digitalcontent.api.tesco.com/v2/media/ghs/4950ad6d-7a94-4b23-92dd-fcd2d3bdf7a8/79030b66-1990-4df2-8456-982d9a33406b_1609790772.jpeg?h=225&w=225,Food Cupboard,"Dried Pasta, Rice, Noodles & Cous Cous"
314115943,Ben's Original Chinese Style Microwave Rice 220G,£1.40,£6.36/kg,,,False,,False,3.8,33,False,https://www.tesco.com/groceries/en-GB/products/314115943,https://digitalcontent.api.tesco.com/v2/media/ghs/4d99c29e-12bc-4b8c-8720-e2e6bfb0cc80/7ead50e2-568e-489f-bb21-cae54b0e4fe2_65081453.jpeg?h=225&w=225,Food Cupboard,"Dried Pasta, Rice, Noodles & Cous Cous"
314432037,Ben's Original Mixed Pepper Microwave Rice 220g,£1.40,£6.36/kg,,,False,,False,4.2,37,False,https://www.tesco.com/groceries/en-GB/products/314432037,https://digitalcontent.api.tesco.com/v2/media/ghs/ea449403-f347-405c-82f4-c88a05c1e527/bd85b914-1d84-4130-aa45-6a18a8adbae0_1788295089.jpeg?h=225&w=225,Food Cupboard,"Dried Pasta, Rice, Noodles & Cous Cous"
314298950,Ben's Original Smokey BBQ Microwave Rice 220g,£1.40,£6.36/kg,,,False,,False,4.4,61,False,https://www.tesco.com/groceries/en-GB/products/314298950,https://digitalcontent.api.tesco.com/v2/media/ghs/aa4b8219-5cdf-4fe4-a498-4d3682fe8e7b/adf3a2ba-a93b-49d6-82eb-359d1a6faa70_968523854.jpeg?h=225&w=225,Food Cupboard,"Dried Pasta, Rice, Noodles & Cous Cous"
314314581,Ben's Original Wholegrain Spicy Mexican Rice 220G,£1.40,£6.36/kg,,,False,,False,4.4,76,False,https://www.tesco.com/groceries/en-GB/products/314314581,https://digitalcontent.api.tesco.com/v2/media/ghs/fdab1c5a-9f8d-4b2c-9b70-02679d9c05ee/e27aae6c-c149-4051-a868-8787f3fd2da4_2141921964.jpeg?h=225&w=225,Food Cupboard,"Dried Pasta, Rice, Noodles & Cous Cous"
314409878,Ben's Original Egg Fried Microwave Rice 220g,£1.40,£6.36/kg,,,False,,False,3.8,84,False,https://www.tesco.com/groceries/en-GB/products/314409878,https://digitalcontent.api.tesco.com/v2/media/ghs/3c511576-b00e-4128-883b-66c03a9e0464/a788d2fa-f4e8-4244-a7d2-84edc8fed47d_860702129.jpeg?h=225&w=225,Food Cupboard,"Dried Pasta, Rice, Noodles & Cous Cous"
276056557,Tesco Straight To Wok Udon Noodles 300G,£1.00,£3.33/kg,,,False,,False,2.6,22,False,https://www.tesco.com/groceries/en-GB/products/276056557,https://digitalcontent.api.tesco.com/v2/media/ghs/3f22234a-004e-4fd8-ae4b-a199df9eaf97/118d4dc7-340a-4702-8c08-bb0d0dede825_320923569.jpeg?h=225&w=225,Food Cupboard,"Dried Pasta, Rice, Noodles & Cous Cous"
300513804,Itsu Satay Rice Noodles 64g,£1.85,£28.91/kg,,,False,,False,3.6,18,False,https://www.tesco.com/groceries/en-GB/products/300513804,https://digitalcontent.api.tesco.com/v2/media/ghs/9e905292-0837-42c8-b263-3e755322f2d2/64de5ed6-f17f-4a49-a88e-ba843e90ee97_296018295.jpeg?h=225&w=225,Food Cupboard,"Dried Pasta, Rice, Noodles & Cous Cous"
272640511,Tesco Fine Egg Noodles 250G,£0.95,£3.80/kg,,,False,,False,4.4,33,False,https://www.tesco.com/groceries/en-GB/products/272640511,https://digitalcontent.api.tesco.com/v2/media/ghs/bae900e3-cfd4-4372-a94c-d63977b7b8b0/3ad1c3e2-3b66-40a6-a2f8-a15ded5a2eb0_1072860372.jpeg?h=225&w=225,Food Cupboard,"Dried Pasta, Rice, Noodles & Cous Cous"
303671801,Batchelors Super Rice - Beef 90g,£1.00,£11.11/kg,,,False,,False,4.8,35,False,https://www.tesco.com/groceries/en-GB/products/303671801,https://digitalcontent.api.tesco.com/v2/media/ghs/69e16768-2505-4aac-bde2-270917fee87a/b77b013b-37d3-4d89-b92f-069dd4753862_1902054809.jpeg?h=225&w=225,Food Cupboard,"Dried Pasta, Rice, Noodles & Cous Cous"
295870658,Batchelors Super Noodle Pot Curry 75G,£1.00,£13.33/kg,,,False,,False,4.1,42,False,https://www.tesco.com/groceries/en-GB/products/295870658,https://digitalcontent.api.tesco.com/v2/media/ghs/fd3ef118-1fdd-41bb-9aac-399fd6bc198a/672733a9-f948-4664-a319-5768bd28d5c7_1506272813.jpeg?h=225&w=225,Food Cupboard,"Dried Pasta, Rice, Noodles & Cous Cous"
305978234,Laila Gold Basmati Rice 10Kg,£23.00,£2.30/kg,,,False,,False,4.1,38,False,https://www.tesco.com/groceries/en-GB/products/305978234,https://digitalcontent.api.tesco.com/v2/media/ghs/883a220b-4b3b-4a4a-bfcc-f30ea355a8cf/db311a1e-612c-40f4-a741-87a615dfb324_1390405455.jpeg?h=225&w=225,Food Cupboard,"Dried Pasta, Rice, Noodles & Cous Cous"
293247162,Tilda Pure Basmati Rice 10Kg,£31.00,£3.10/kg,,,False,,False,4.8,4,False,https://www.tesco.com/groceries/en-GB/products/293247162,https://digitalcontent.api.tesco.com/v2/media/ghs/e77bb75c-6a36-45d9-bee4-1ab3f4d55187/920a06a4-a434-4f57-807e-f7e2a7666548_520172394.jpeg?h=225&w=225,Food Cupboard,"Dried Pasta, Rice, Noodles & Cous Cous"
293354386,Laila Basmati Rice 5Kg,£11.50,£2.30/kg,,,False,,False,3.4,21,False,https://www.tesco.com/groceries/en-GB/products/293354386,https://digitalcontent.api.tesco.com/v2/media/ghs/174943a2-7ec7-4c25-a1f3-f49d27e2dd62/be4eda22-d340-4963-8237-c894f13d1ca4_1930979664.jpeg?h=225&w=225,Food Cupboard,"Dried Pasta, Rice, Noodles & Cous Cous"
293236653,Tilda Pure Basmati Rice 5Kg,£16.00,£3.20/kg,,,False,,False,3.4,7,False,https://www.tesco.com/groceries/en-GB/products/293236653,https://digitalcontent.api.tesco.com/v2/media/ghs/488ef9ef-712f-4f43-b2ad-d1880b902af8/65970d8e-e1ea-4b50-ba36-3f7a2983db89_606333281.jpeg?h=225&w=225,Food Cupboard,"Dried Pasta, Rice, Noodles & Cous Cous"
309178103,Ben's Original Long Grain Rice 1Kg,£5.25,£5.25/kg,,,False,,False,4.3,32,False,https://www.tesco.com/groceries/en-GB/products/309178103,https://digitalcontent.api.tesco.com/v2/media/ghs/f0ed4112-5fb0-4569-8fd1-8a2b29c85661/22ce0414-2343-47e2-bcd0-881274848361_743385656.jpeg?h=225&w=225,Food Cupboard,"Dried Pasta, Rice, Noodles & Cous Cous"
293258696,Badshah Superior Aged Basmati Rice 5Kg,£12.00,£2.40/kg,,,False,,False,2.6,27,False,https://www.tesco.com/groceries/en-GB/products/293258696,https://digitalcontent.api.tesco.com/v2/media/ghs/80b2b86f-6818-43f8-9c38-226c00ae1670/a0edab85-cb89-45d0-8789-34bc063de91b_884179381.jpeg?h=225&w=225,Food Cupboard,"Dried Pasta, Rice, Noodles & Cous Cous"
256171675,Laila Basmati Rice 10Kg,£19.75,£1.98/kg,,,False,,False,,63,False,https://www.tesco.com/groceries/en-GB/products/256171675,https://digitalcontent.api.tesco.com/v2/media/ghs/1e453be3-156e-40c9-949a-4dbe8fdee614/3641326c-ead5-4add-be29-5fc2fce9a0cc_527703548.jpeg?h=225&w=225,Food Cupboard,"Dried Pasta, Rice, Noodles & Cous Cous"
258472736,Tilda Brown Basmati Rice 1Kg,£5.00,£5.00/kg,£4.40 Clubcard Price,(£4.40/kg),True,Offer valid for delivery from 16/04/2025 until 13/05/2025,False,4.7,9,False,https://www.tesco.com/groceries/en-GB/products/258472736,https://digitalcontent.api.tesco.com/v2/media/ghs/3855c1ec-cc34-41c5-b0f8-b01c315b6e58/6f23a6b2-fbf2-441e-86fa-37cd1c23ea7a_61364099.jpeg?h=225&w=225,Food Cupboard,"Dried Pasta, Rice, Noodles & Cous Cous"
262191170,De Cecco Gnocchi Di Patate 500G,£2.75,£5.50/kg,,,False,,False,,3,False,https://www.tesco.com/groceries/en-GB/products/262191170,https://digitalcontent.api.tesco.com/v2/media/ghs/653fab12-c708-4eb2-ae58-f803f6ed979a/9a22c4fd-6337-4bfa-9642-aa91b02c6b88_282553957.jpeg?h=225&w=225,Food Cupboard,"Dried Pasta, Rice, Noodles & Cous Cous"
260187524,Pot Noodle Beef & Tomato 4 X 90G,£4.20,£11.67/kg,,,False,,False,4.3,28,False,https://www.tesco.com/groceries/en-GB/products/260187524,https://digitalcontent.api.tesco.com/v2/media/ghs/a764ff9b-7051-4aa0-984d-37c3c6ac5721/5e81256c-1488-43c4-a8d0-c02d3bad987c_1098511875.jpeg?h=225&w=225,Food Cupboard,"Dried Pasta, Rice, Noodles & Cous Cous"
295638854,Gallo Risotto Rice 500G,£3.00,£6.00/kg,,,False,,False,,4,False,https://www.tesco.com/groceries/en-GB/products/295638854,https://digitalcontent.api.tesco.com/v2/media/ghs/37ece4bd-bc83-469c-8f46-58b601657ef8/c57e7506-0f89-4cb2-b98f-bafdfc0db0c0_1970200923.jpeg?h=225&w=225,Food Cupboard,"Dried Pasta, Rice, Noodles & Cous Cous"
260261321,Tesco Pinto Beans 500G,£2.00,£4.00/kg,,,False,,False,4.5,13,False,https://www.tesco.com/groceries/en-GB/products/260261321,https://digitalcontent.api.tesco.com/v2/media/ghs/8ecc19dd-8487-4ba3-aadb-6f5fa46a2b8c/e6cddea5-ffcc-405f-9cd4-2260ee1a5889_549774923.jpeg?h=225&w=225,Food Cupboard,"Dried Pasta, Rice, Noodles & Cous Cous"
256535758,Tesco Lentilles Vertes 500G,£2.00,£4.00/kg,,,False,,False,4.4,16,False,https://www.tesco.com/groceries/en-GB/products/256535758,https://digitalcontent.api.tesco.com/v2/media/ghs/1d537aef-973d-40ab-9084-63a89fadbc37/472e6125-85e1-4a81-a56a-4f3e2a4c7e17_487102270.jpeg?h=225&w=225,Food Cupboard,"Dried Pasta, Rice, Noodles & Cous Cous"
301373079,De Cecco Conchiglie Rigate 500g,£2.00,£4.00/kg,£1.35 Clubcard Price,(£2.70/kg),True,Offer valid for delivery from 16/04/2025 until 13/05/2025,False,4.6,5,False,https://www.tesco.com/groceries/en-GB/products/301373079,https://digitalcontent.api.tesco.com/v2/media/ghs/71d168d6-21b7-4577-b8b7-9c31882df8cf/6e269ab4-486f-4cfa-9976-4fafff631c04_459202922.jpeg?h=225&w=225,Food Cupboard,"Dried Pasta, Rice, Noodles & Cous Cous"
256530942,Tesco Black Turtle Beans 500G,£2.00,£4.00/kg,,,False,,False,4.8,8,False,https://www.tesco.com/groceries/en-GB/products/256530942,https://digitalcontent.api.tesco.com/v2/media/ghs/211c1d8a-6d96-491f-a77f-bf57babbb602/62458bca-49f1-47a0-82d1-e9de35ab45ba_15852517.jpeg?h=225&w=225,Food Cupboard,"Dried Pasta, Rice, Noodles & Cous Cous"
267030307,Gallo Pronto Mushroom Risotto 175G,£2.85,£16.29/kg,,,False,,False,3.6,8,False,https://www.tesco.com/groceries/en-GB/products/267030307,https://digitalcontent.api.tesco.com/v2/media/ghs/ac21099a-7f40-4b20-a024-44f73274161c/a5f5ce89-cdc7-41ad-9fcb-81f2b70a852d_2096000301.jpeg?h=225&w=225,Food Cupboard,"Dried Pasta, Rice, Noodles & Cous Cous"
255111674,De Cecco Penne Rigate 500G,£2.00,£4.00/kg,£1.35 Clubcard Price,(£2.70/kg),True,Offer valid for delivery from 16/04/2025 until 13/05/2025,False,,,False,https://www.tesco.com/groceries/en-GB/products/255111674,https://digitalcontent.api.tesco.com/v2/media/ghs/95c92c80-eaca-44b8-8339-f0e5dcbd63af/f95d584e-6d84-4e06-831c-f7dc912c773c_365037451.jpeg?h=225&w=225,Food Cupboard,"Dried Pasta, Rice, Noodles & Cous Cous"
254199298,Tilda Brown Basmati Rice 500g,£3.00,£6.00/kg,,,False,,False,4.8,21,False,https://www.tesco.com/groceries/en-GB/products/254199298,https://digitalcontent.api.tesco.com/v2/media/ghs/6d1fe8a4-13cc-4e36-9f91-ae1cea15050d/4812d2bd-dcff-424f-8255-a56e71281cb4_257892738.jpeg?h=225&w=225,Food Cupboard,"Dried Pasta, Rice, Noodles & Cous Cous"
251966083,De Cecco Fusilli 500G,£2.00,£4.00/kg,£1.35 Clubcard Price,(£2.70/kg),True,Offer valid for delivery from 16/04/2025 until 13/05/2025,False,,4,False,https://www.tesco.com/groceries/en-GB/products/251966083,https://digitalcontent.api.tesco.com/v2/media/ghs/d9cb8096-e288-4a28-bb27-35e10d4086cf/234730e4-2c57-49da-b31b-56b148d650f3_1961964853.jpeg?h=225&w=225,Food Cupboard,"Dried Pasta, Rice, Noodles & Cous Cous"
315063633,Itsu Crystal Noodles - Sesame Glaze 77g,£2.15,£27.92/kg,,,False,,False,2.7,16,False,https://www.tesco.com/groceries/en-GB/products/315063633,https://digitalcontent.api.tesco.com/v2/media/ghs/cdc7ecd2-e71f-4d05-baf2-4304df107c8c/566e07ec-425f-445b-a37c-1be40153061e_1830589320.jpeg?h=225&w=225,Food Cupboard,"Dried Pasta, Rice, Noodles & Cous Cous"
258204208,Tilda Thai Jasmine Rice 500G,£3.00,£6.00/kg,,,False,,False,4.5,10,False,https://www.tesco.com/groceries/en-GB/products/258204208,https://digitalcontent.api.tesco.com/v2/media/ghs/69aac553-fbfa-491b-8abf-ce00ce8e81bb/6cbc2d50-3f70-43a9-9a4f-eb2bf879759f_1374555849.jpeg?h=225&w=225,Food Cupboard,"Dried Pasta, Rice, Noodles & Cous Cous"
293045988,Merchant Gourmet Spanish-Style Grains/Rice 250G,£2.15,£8.60/kg,£1.50 Clubcard Price,(£6.00/kg),True,Offer valid for delivery from 16/04/2025 until 13/05/2025,False,4.4,15,False,https://www.tesco.com/groceries/en-GB/products/293045988,https://digitalcontent.api.tesco.com/v2/media/ghs/6034a95e-c32f-4cf6-b2bf-f30dd69a35d9/974cda0d-aca7-4faa-8601-db0f5c5b83ce_1875794836.jpeg?h=225&w=225,Food Cupboard,"Dried Pasta, Rice, Noodles & Cous Cous"
301413731,Barenaked Noodles Original 380G,£2.00,£8.00/kg DR.WT,,,False,,False,3.6,49,False,https://www.tesco.com/groceries/en-GB/products/301413731,https://digitalcontent.api.tesco.com/v2/media/ghs/1e675fdd-d501-456e-8368-eb09ebb10f95/fd972214-eadb-4935-9f61-43fc62771a50_155209363.jpeg?h=225&w=225,Food Cupboard,"Dried Pasta, Rice, Noodles & Cous Cous"
256532750,Tesco Cannellini Beans 500G,£2.00,£4.00/kg,,,False,,False,,9,False,https://www.tesco.com/groceries/en-GB/products/256532750,https://digitalcontent.api.tesco.com/v2/media/ghs/3a336917-024c-4777-900e-52a3c55a336a/c69ecdd5-b27c-4a19-9a51-f189f6d8c1fc_320767678.jpeg?h=225&w=225,Food Cupboard,"Dried Pasta, Rice, Noodles & Cous Cous"
254878142,Great Scot Red Split Lentils 500G,£1.85,£3.70/kg,£1.50 Clubcard Price,(£3.00/kg),True,Offer valid for delivery from 16/04/2025 until 13/05/2025,False,,3,False,https://www.tesco.com/groceries/en-GB/products/254878142,https://digitalcontent.api.tesco.com/v2/media/ghs/8b5cc533-5e64-4a35-915e-a07bf715e3c3/7d914458-f8bf-4bab-aa3e-1bab5ada8bc5_1523807632.jpeg?h=225&w=225,Food Cupboard,"Dried Pasta, Rice, Noodles & Cous Cous"
261227540,Ko-Lee Go Noodles Roast Chicken 65G,£1.00,£15.38/kg,,,False,,False,3.3,6,False,https://www.tesco.com/groceries/en-GB/products/261227540,https://digitalcontent.api.tesco.com/v2/media/ghs/bbcb06ef-56f0-480e-9040-17551b3aa49d/890a07eb-a022-429d-bed8-81deee67f389_927209606.jpeg?h=225&w=225,Food Cupboard,"Dried Pasta, Rice, Noodles & Cous Cous"
311227838,Veetee Heat & Eat Pilau Rice Pots 2X125g,£1.15,£4.60/kg,£1.00 Clubcard Price,(£4.00/kg),True,Offer valid for delivery from 16/04/2025 until 13/05/2025,False,4.7,11,False,https://www.tesco.com/groceries/en-GB/products/311227838,https://digitalcontent.api.tesco.com/v2/media/ghs/24cdee31-06ab-4d1d-a342-603068fa80f8/2d3acf32-1adb-46b4-a8d7-155ca4662bac_1920741442.jpeg?h=225&w=225,Food Cupboard,"Dried Pasta, Rice, Noodles & Cous Cous"
311207505,Veetee Heat & Eat Long Grain Rice Pot 2X130g,£1.15,£4.42/kg,£1.00 Clubcard Price,(£3.85/kg),True,Offer valid for delivery from 16/04/2025 until 13/05/2025,False,4.5,11,False,https://www.tesco.com/groceries/en-GB/products/311207505,https://digitalcontent.api.tesco.com/v2/media/ghs/0f7a81dd-206e-49d8-abc5-09599d7b039f/fa08fd80-70ec-474b-a119-981ad50b22b9_552840908.jpeg?h=225&w=225,Food Cupboard,"Dried Pasta, Rice, Noodles & Cous Cous"
301373057,Nissin Cup Noodles Instant Ramen Pot Japanese Seafood 75g,£1.80,£24.00/kg,,,False,,False,,70,False,https://www.tesco.com/groceries/en-GB/products/301373057,https://digitalcontent.api.tesco.com/v2/media/ghs/c887e0c6-5035-4f3f-a17e-10e720a2aa25/db3626c4-f679-4d00-89e0-879be20e1cd7_537641594.jpeg?h=225&w=225,Food Cupboard,"Dried Pasta, Rice, Noodles & Cous Cous"
262312783,Tilda Egg Fried Steamed Basmati Rice 250G,£1.25,£5.00/kg,,,False,,False,4.4,8,False,https://www.tesco.com/groceries/en-GB/products/262312783,https://digitalcontent.api.tesco.com/v2/media/ghs/fd4c434c-c08d-48b1-b2fa-4830105e1125/456875fb-bb5d-4ed8-8667-30b18de2dd05_119120449.jpeg?h=225&w=225,Food Cupboard,"Dried Pasta, Rice, Noodles & Cous Cous"
262043041,Tesco Organic Wholewheat Spaghetti 500g,£1.20,£2.40/kg,,,False,,False,4.8,11,False,https://www.tesco.com/groceries/en-GB/products/262043041,https://digitalcontent.api.tesco.com/v2/media/ghs/d2361bbf-3a96-47c6-a962-021b8944aa48/aac51d27-52ef-439d-b854-f8dadca4fe6e_1541400982.jpeg?h=225&w=225,Food Cupboard,"Dried Pasta, Rice, Noodles & Cous Cous"
255874968,Tesco Organic Spaghetti Pasta 500G,£1.20,£2.40/kg,,,False,,False,4.9,15,False,https://www.tesco.com/groceries/en-GB/products/255874968,https://digitalcontent.api.tesco.com/v2/media/ghs/b0e7eddd-c4da-4454-847b-7b6f5e8dc9ab/cf0dc1bc-b1bf-4277-80f9-c171942a9935_430925688.jpeg?h=225&w=225,Food Cupboard,"Dried Pasta, Rice, Noodles & Cous Cous"
260526631,Tesco Organic Whole Wheat Fusilli 500G,£1.20,£2.40/kg,,,False,,False,,9,False,https://www.tesco.com/groceries/en-GB/products/260526631,https://digitalcontent.api.tesco.com/v2/media/ghs/21c6f9bf-cee7-4ac7-a109-076d3a5c4546/ae6c375c-98d8-406f-90e2-587ddc0c612c_671466865.jpeg?h=225&w=225,Food Cupboard,"Dried Pasta, Rice, Noodles & Cous Cous"
292818970,Tesco Microwave Golden Vegetable Rice 250G,£0.70,£2.80/kg,,,False,,False,3.7,46,False,https://www.tesco.com/groceries/en-GB/products/292818970,https://digitalcontent.api.tesco.com/v2/media/ghs/024cd596-4d06-49bc-9708-89afe5e5d009/b20367a3-22fc-4eaa-a500-36474fad30ff_197338786.jpeg?h=225&w=225,Food Cupboard,"Dried Pasta, Rice, Noodles & Cous Cous"
297172738,Nissin Soba Cup Sukiyaki Beef 89G,£1.75,£19.66/kg,,,False,,False,4.9,39,False,https://www.tesco.com/groceries/en-GB/products/297172738,https://digitalcontent.api.tesco.com/v2/media/ghs/3a532f7a-d360-402b-b70f-4329e8c656e7/ecf8ea23-f558-42a9-a55a-ad872c755f0d_673385786.jpeg?h=225&w=225,Food Cupboard,"Dried Pasta, Rice, Noodles & Cous Cous"
303646008,Nissin Cup Noodles Soba Wok Style Instant Noodles - Peking Duck 87g,£1.75,£20.12/kg,,,False,,False,4.7,43,False,https://www.tesco.com/groceries/en-GB/products/303646008,https://digitalcontent.api.tesco.com/v2/media/ghs/208afa97-687d-449f-a109-2aa7f1016e98/86d433cb-d445-4322-b92e-e7fe18a83325_1615496669.jpeg?h=225&w=225,Food Cupboard,"Dried Pasta, Rice, Noodles & Cous Cous"
306931490,Batchelors Big Super Noodles Bbq Beef Flavoured 100G,£1.25,£12.50/kg,,,False,,False,4.7,29,False,https://www.tesco.com/groceries/en-GB/products/306931490,https://digitalcontent.api.tesco.com/v2/media/ghs/6914815c-6c0f-4370-8f43-33a99c6e00ea/330fec36-0d53-4ea6-91bb-9d21a823acf6_1246552603.jpeg?h=225&w=225,Food Cupboard,"Dried Pasta, Rice, Noodles & Cous Cous"
300513787,Itsu Katsu Rice Noodles 63g,£1.85,£29.36/kg,,,False,,False,3.7,9,False,https://www.tesco.com/groceries/en-GB/products/300513787,https://digitalcontent.api.tesco.com/v2/media/ghs/ff1788dd-7bc9-4b02-b39f-e5056834ec5a/b5308060-466c-4bda-8939-0becbf217e28_9950141.jpeg?h=225&w=225,Food Cupboard,"Dried Pasta, Rice, Noodles & Cous Cous"
300513827,Itsu Chilli Miso Rice Noodle Cup 63G,£1.85,£29.36/kg,,,False,,False,3.6,13,False,https://www.tesco.com/groceries/en-GB/products/300513827,https://digitalcontent.api.tesco.com/v2/media/ghs/9bc73c44-e58f-4255-ad91-15a132d5d13d/fe4d0dd2-d807-4bd3-9ef2-3916e22f3668_380087257.jpeg?h=225&w=225,Food Cupboard,"Dried Pasta, Rice, Noodles & Cous Cous"
302287359,Nissin Cup Noodles Instant Ramen Pot Chicken Teriyaki 70g,£1.80,£25.71/kg,,,False,,False,4.2,58,False,https://www.tesco.com/groceries/en-GB/products/302287359,https://digitalcontent.api.tesco.com/v2/media/ghs/9fb065d0-c3f4-4efe-84cb-89204b410fe7/76003adf-9082-43b2-829f-59329bbe64fb_500057507.jpeg?h=225&w=225,Food Cupboard,"Dried Pasta, Rice, Noodles & Cous Cous"
305037299,Tesco Spinach Farfalle 500G,£0.75,£1.50/kg,,,False,,False,4.6,14,False,https://www.tesco.com/groceries/en-GB/products/305037299,https://digitalcontent.api.tesco.com/v2/media/ghs/954f2b92-cebd-4d3e-9c2e-c06635c3c7aa/2bf7b02d-36c9-4e85-be09-5768ba38792a_1750856704.jpeg?h=225&w=225,Food Cupboard,"Dried Pasta, Rice, Noodles & Cous Cous"
312097033,Pot Noodle Lost the Pot Smokin' BBQ Instant Noodles 85g,£0.50,£5.88/kg,,,False,,False,4.3,33,False,https://www.tesco.com/groceries/en-GB/products/312097033,https://digitalcontent.api.tesco.com/v2/media/ghs/5dc8caaa-a87f-4048-bac8-f53b0dac301f/02326384-07a4-409f-aa14-418172d2b633_1484287687.jpeg?h=225&w=225,Food Cupboard,"Dried Pasta, Rice, Noodles & Cous Cous"
303646187,Batchelors Super Noodles Bacon 90G,£1.00,£11.11/kg,,,False,,False,3.9,42,False,https://www.tesco.com/groceries/en-GB/products/303646187,https://digitalcontent.api.tesco.com/v2/media/ghs/a2ab398e-e5d1-40bd-9277-7875292b114e/8b1d475c-c3d4-4ec6-8952-0e2c4ec36d74_1898422807.jpeg?h=225&w=225,Food Cupboard,"Dried Pasta, Rice, Noodles & Cous Cous"
303671882,Batchelors Low Fat Super Noodles - Curry Flavour 81g,£1.00,£12.35/kg,,,False,,False,4.9,31,False,https://www.tesco.com/groceries/en-GB/products/303671882,https://digitalcontent.api.tesco.com/v2/media/ghs/781f53f7-4332-46d4-87eb-378c0b8f0d94/a8906b96-3fc6-426c-8dc1-788979439f37_1026684177.jpeg?h=225&w=225,Food Cupboard,"Dried Pasta, Rice, Noodles & Cous Cous"
292818646,Tesco Mexican Inspired Rice 250G,£0.70,£2.80/kg,,,False,,False,4.2,28,False,https://www.tesco.com/groceries/en-GB/products/292818646,https://digitalcontent.api.tesco.com/v2/media/ghs/71d9a64f-564d-4ece-935b-c5f7a7344643/aa93e595-bf14-4f23-816c-e3769e4a50cd_587071336.jpeg?h=225&w=225,Food Cupboard,"Dried Pasta, Rice, Noodles & Cous Cous"
251680458,Tesco Egg Rice 250G,£0.70,£2.80/kg,,,False,,False,1.5,39,False,https://www.tesco.com/groceries/en-GB/products/251680458,https://digitalcontent.api.tesco.com/v2/media/ghs/7cce113a-a222-4258-b169-d0cf0bd82d49/4fe95325-66a8-4b2e-888b-680cf6cf4456_1945081903.jpeg?h=225&w=225,Food Cupboard,"Dried Pasta, Rice, Noodles & Cous Cous"
304402578,Kohinoor Classic Basmati Rice 10Kg,£25.00,£2.50/kg,,,False,,False,3.5,38,False,https://www.tesco.com/groceries/en-GB/products/304402578,https://digitalcontent.api.tesco.com/v2/media/ghs/d6eafbcd-3bc2-4928-bf83-c4e9e2f270a4/b42b587a-cfeb-4f53-8fc5-3948373e62a1_223574234.jpeg?h=225&w=225,Food Cupboard,"Dried Pasta, Rice, Noodles & Cous Cous"
287508972,Tilda Brown Basmati Rice 5Kg,£16.00,£3.20/kg,,,False,,False,,2,False,https://www.tesco.com/groceries/en-GB/products/287508972,https://digitalcontent.api.tesco.com/v2/media/ghs/88258f44-58ea-4083-9001-f8ed40364260/0af312c5-9f2e-4352-964c-2f40bb78d1b4_906422421.jpeg?h=225&w=225,Food Cupboard,"Dried Pasta, Rice, Noodles & Cous Cous"
293258638,Kohinoor Extra Flavour Basmati Rice 10Kg,£24.50,£2.45/kg,,,False,,False,4.8,9,False,https://www.tesco.com/groceries/en-GB/products/293258638,https://digitalcontent.api.tesco.com/v2/media/ghs/b35a0eb2-95c4-40bc-868d-1ea595ffd530/ca8c8140-e4d8-4d95-b351-a34bcdcbb24c_517751636.jpeg?h=225&w=225,Food Cupboard,"Dried Pasta, Rice, Noodles & Cous Cous"
272491721,Laila Easy Cook Rice 5Kg,£8.90,£1.78/kg,,,False,,False,,1,False,https://www.tesco.com/groceries/en-GB/products/272491721,https://digitalcontent.api.tesco.com/v2/media/ghs/1d9e7b3a-f1c9-4053-9d78-128437f657d4/7add72fe-d4d6-4989-97bc-c33f09545d65_893504474.jpeg?h=225&w=225,Food Cupboard,"Dried Pasta, Rice, Noodles & Cous Cous"
303484907,Akash Gold Basmati Rice 10Kg,£20.80,£2.08/kg,,,False,,False,3.5,26,False,https://www.tesco.com/groceries/en-GB/products/303484907,https://digitalcontent.api.tesco.com/v2/media/ghs/b6616ac4-e98b-4d0a-ac5e-d566b36f91a3/7b85e377-c360-4dc8-86b0-51c562d32026_249790126.jpeg?h=225&w=225,Food Cupboard,"Dried Pasta, Rice, Noodles & Cous Cous"
304400223,Kohinoor Classic Basmati Rice 5Kg,£13.50,£2.70/kg,,,False,,False,,4,False,https://www.tesco.com/groceries/en-GB/products/304400223,https://digitalcontent.api.tesco.com/v2/media/ghs/9796d149-8545-4540-8082-e9ffeb6e5643/cb9c9328-941a-4176-9d6f-bff573a78142_244211584.jpeg?h=225&w=225,Food Cupboard,"Dried Pasta, Rice, Noodles & Cous Cous"
252380946,Tesco Organic Basmati Rice 500G,£3.00,£6.00/kg,,,False,,False,4.8,6,False,https://www.tesco.com/groceries/en-GB/products/252380946,https://digitalcontent.api.tesco.com/v2/media/ghs/8e88d229-24dc-4d23-a8ee-6a8039dd7211/snapshotimagehandler_2083582472.jpeg?h=225&w=225,Food Cupboard,"Dried Pasta, Rice, Noodles & Cous Cous"
259652326,Badshah Basmati Rice 2Kg,£5.00,£2.50/kg,,,False,,False,,,False,https://www.tesco.com/groceries/en-GB/products/259652326,https://digitalcontent.api.tesco.com/v2/media/ghs/6966796c-c426-442c-a1b2-437cf38d000e/efc30990-b09b-4aca-a5ec-90d42bb193f6_1922156294.jpeg?h=225&w=225,Food Cupboard,"Dried Pasta, Rice, Noodles & Cous Cous"
262200986,Tesco Buckwheat 500G,£2.60,£5.20/kg,,,False,,False,,3,False,https://www.tesco.com/groceries/en-GB/products/262200986,https://digitalcontent.api.tesco.com/v2/media/ghs/7a3de620-896f-48de-bc8e-db28c764f666/f9423b6e-9c9d-48bd-ad93-8b2577aecae9_1480424978.jpeg?h=225&w=225,Food Cupboard,"Dried Pasta, Rice, Noodles & Cous Cous"
311804259,Akash Gold Basmati Rice 2Kg,£4.50,£2.25/kg,,,False,,False,,,False,https://www.tesco.com/groceries/en-GB/products/311804259,https://digitalcontent.api.tesco.com/v2/media/ghs/ff55a78a-5dc9-432a-a355-e781777ba93e/9afc0090-d944-43bc-b874-1ef42318e169_1449172070.jpeg?h=225&w=225,Food Cupboard,"Dried Pasta, Rice, Noodles & Cous Cous"
275975421,Tilda Everyday Rice 4Kg,£5.80,£1.45/kg,,,False,,False,,2,False,https://www.tesco.com/groceries/en-GB/products/275975421,https://digitalcontent.api.tesco.com/v2/media/ghs/ff51a1a3-df9b-43e7-852c-2bd0986ea848/86c7f5eb-c19b-497f-8c5e-3b170f19f883_264329189.jpeg?h=225&w=225,Food Cupboard,"Dried Pasta, Rice, Noodles & Cous Cous"
293258707,Badshah Superior Aged Basmati Rice 10Kg,£21.00,£2.10/kg,£13.50 Clubcard Price,(£1.35/kg),True,Offer valid for delivery from 19/03/2025 until 21/04/2025,False,,,False,https://www.tesco.com/groceries/en-GB/products/293258707,https://digitalcontent.api.tesco.com/v2/media/ghs/3300bdbb-b4fc-410a-9798-2e7f27ab6dda/e1801934-4b04-4ca9-a76f-3429a0c55bfe_773741855.jpeg?h=225&w=225,Food Cupboard,"Dried Pasta, Rice, Noodles & Cous Cous"
312850069,Cup Noodles Big Wok Style Soba - Chilli 115g,£1.99,£17.30/kg,,,False,,False,4.9,36,False,https://www.tesco.com/groceries/en-GB/products/312850069,https://digitalcontent.api.tesco.com/v2/media/ghs/6d97385b-de01-4ec3-8558-7a0d24f85b32/802c3715-05d9-4722-bebd-1adcc5646727_133399057.jpeg?h=225&w=225,Food Cupboard,"Dried Pasta, Rice, Noodles & Cous Cous"
311942918,Merchant Gourmet Jamaican Grains & Pulses 250G,£2.15,£8.60/kg,£1.50 Clubcard Price,(£6.00/kg),True,Offer valid for delivery from 16/04/2025 until 13/05/2025,False,4.1,18,False,https://www.tesco.com/groceries/en-GB/products/311942918,https://digitalcontent.api.tesco.com/v2/media/ghs/65b4abab-fd03-42c6-be47-eb9251c2612b/c8a55a5f-eb43-428f-a967-d9d134db3127_1757882659.jpeg?h=225&w=225,Food Cupboard,"Dried Pasta, Rice, Noodles & Cous Cous"
277006852,Al'fez Moroccan Spiced Couscous 200G,£1.85,£9.25/kg,£1.50 Clubcard Price,(£7.50/kg),True,Offer valid for delivery from 16/04/2025 until 13/05/2025,False,3.3,7,False,https://www.tesco.com/groceries/en-GB/products/277006852,https://digitalcontent.api.tesco.com/v2/media/ghs/18418a8c-597f-4c3a-9733-0b885e6f7169/cb1a5695-fd9d-4073-8818-62b30fb0582b_1025251851.jpeg?h=225&w=225,Food Cupboard,"Dried Pasta, Rice, Noodles & Cous Cous"
313729996,Cup Noodles Big Wok Style Soba Classic 113g,£1.99,£17.61/kg,,,False,,False,4.9,36,False,https://www.tesco.com/groceries/en-GB/products/313729996,https://digitalcontent.api.tesco.com/v2/media/ghs/05ffa5af-2762-413a-8807-5a879fa5eb7d/657c89dc-25ca-42bc-8acc-cf54cfb91fe9_586740357.jpeg?h=225&w=225,Food Cupboard,"Dried Pasta, Rice, Noodles & Cous Cous"
312569541,Cup Noodles Big Soba Wok Style Teriyaki 113g,£1.99,£17.61/kg,,,False,,False,4.8,31,False,https://www.tesco.com/groceries/en-GB/products/312569541,https://digitalcontent.api.tesco.com/v2/media/ghs/8c9babb7-e331-45e2-be0f-8aba94a1e474/704c32db-3850-41ad-98b2-d3e2e2c14f34_1746625570.jpeg?h=225&w=225,Food Cupboard,"Dried Pasta, Rice, Noodles & Cous Cous"
266751792,Pot Noodle Sticky Rib 90G,£1.10,£12.22/kg,70p Clubcard Price,(£7.78/kg),True,Offer valid for delivery from 16/04/2025 until 13/05/2025,False,4.1,106,False,https://www.tesco.com/groceries/en-GB/products/266751792,https://digitalcontent.api.tesco.com/v2/media/ghs/60d9cf59-f56c-4f62-9d11-fcf8b9f61eed/a261099f-bef4-43e4-8dc0-c5e489fd8866_355065153.jpeg?h=225&w=225,Food Cupboard,"Dried Pasta, Rice, Noodles & Cous Cous"
266598898,Salaam Basmati Rice 5Kg,,,£6.00 Clubcard Price,(£1.20/kg),True,Offer valid for delivery from 26/03/2025 until 22/04/2025,False,3.1,7,False,https://www.tesco.com/groceries/en-GB/products/266598898,https://digitalcontent.api.tesco.com/v2/media/ghs/6a89f6bc-08c3-4200-b7be-c077b7d2acb2/14b67959-6a72-4290-837f-fba3da7074a0_1258564347.jpeg?h=225&w=225,Food Cupboard,"Dried Pasta, Rice, Noodles & Cous Cous"
308114969,Tesco Finest Orecchiette 500G,£1.75,£3.50/kg,,,False,,False,4.4,16,False,https://www.tesco.com/groceries/en-GB/products/308114969,https://digitalcontent.api.tesco.com/v2/media/ghs/841de744-2cd2-4992-a1dc-cd58f994fe4b/edde13b4-2cd9-4a46-b720-0df907c7d125_1311537997.jpeg?h=225&w=225,Food Cupboard,"Dried Pasta, Rice, Noodles & Cous Cous"
308864652,Tesco Finest Casarecce 500G,£1.75,£3.50/kg,,,False,,False,,40,False,https://www.tesco.com/groceries/en-GB/products/308864652,https://digitalcontent.api.tesco.com/v2/media/ghs/992d5434-ccf9-4a98-b0e1-092657d8409f/d813d190-6180-4141-ac2f-a9c87847ac0d_387280906.jpeg?h=225&w=225,Food Cupboard,"Dried Pasta, Rice, Noodles & Cous Cous"
307135532,Naked Korean Style Bbq Beef Noodles 100G,£1.15,£11.50/kg,75p Save 1/3 Clubcard Price,(£7.50/kg),True,Offer valid for delivery from 16/04/2025 until 10/06/2025,False,3.4,8,False,https://www.tesco.com/groceries/en-GB/products/307135532,https://digitalcontent.api.tesco.com/v2/media/ghs/e306b35a-c580-4f3f-94c7-7232c52c51ba/1a3d4838-7036-4533-9135-f00cb7ee8c18_1603113177.jpeg?h=225&w=225,Food Cupboard,"Dried Pasta, Rice, Noodles & Cous Cous"
307151437,Naked Chicken Yakisoba Noodles 100G,£1.15,£11.50/kg,75p Save 1/3 Clubcard Price,(£7.50/kg),True,Offer valid for delivery from 16/04/2025 until 10/06/2025,False,,9,False,https://www.tesco.com/groceries/en-GB/products/307151437,https://digitalcontent.api.tesco.com/v2/media/ghs/5d84d887-d24b-4452-93dc-3bd85bd6ec43/8d963122-1f96-417b-bf48-21d96e228216_634303389.jpeg?h=225&w=225,Food Cupboard,"Dried Pasta, Rice, Noodles & Cous Cous"
260187357,Pot Noodle Chinese Chow Mein 90G,£1.10,£12.22/kg,70p Clubcard Price,(£7.78/kg),True,Offer valid for delivery from 16/04/2025 until 13/05/2025,False,4.4,20,False,https://www.tesco.com/groceries/en-GB/products/260187357,https://digitalcontent.api.tesco.com/v2/media/ghs/87570980-3eb3-4124-baf8-7aaa254c763a/8b66b727-f936-428c-a0ef-3afd697a695a_2052027003.jpeg?h=225&w=225,Food Cupboard,"Dried Pasta, Rice, Noodles & Cous Cous"
262365915,Tesco Wholewheat Couscous 500g,£1.20,£2.40/kg,,,False,,False,,27,False,https://www.tesco.com/groceries/en-GB/products/262365915,https://digitalcontent.api.tesco.com/v2/media/ghs/22780919-eb70-4210-bb22-cb86b47e11a4/b4fb4555-5d14-4d87-b02e-ee89d6183594_1943051787.jpeg?h=225&w=225,Food Cupboard,"Dried Pasta, Rice, Noodles & Cous Cous"
289537988,Naked Noodle Hoi Sin 78G,£1.25,£16.03/kg,85p Clubcard Price,(£10.90/kg),True,Offer valid for delivery from 08/04/2025 until 08/06/2025,False,3.4,92,False,https://www.tesco.com/groceries/en-GB/products/289537988,https://digitalcontent.api.tesco.com/v2/media/ghs/881590b7-4a0f-4f5e-82b6-483bf58b6251/ca9b3ea3-0962-4b5b-b855-3f11f5abe174_1484363327.jpeg?h=225&w=225,Food Cupboard,"Dried Pasta, Rice, Noodles & Cous Cous"
311665912,Nissin Cup Noodles Instant Ramen Pot Katsu Curry 67g,£1.80,£26.87/kg,,,False,,False,4.4,46,False,https://www.tesco.com/groceries/en-GB/products/311665912,https://digitalcontent.api.tesco.com/v2/media/ghs/e61e97e0-16cc-4e30-a789-d636b9ac23ee/f58617f3-4c46-459d-b5ce-dba3a87a5695_1146823240.jpeg?h=225&w=225,Food Cupboard,"Dried Pasta, Rice, Noodles & Cous Cous"
303646227,Batchelors Super Noodles Southern Fried Chicken 90G,£1.00,£11.11/kg,,,False,,False,4.1,35,False,https://www.tesco.com/groceries/en-GB/products/303646227,https://digitalcontent.api.tesco.com/v2/media/ghs/4a031f7a-f5d6-437d-af07-77341f360402/b927c7da-00ba-4e92-9b0f-a0a6ad485a74_1259340890.jpeg?h=225&w=225,Food Cupboard,"Dried Pasta, Rice, Noodles & Cous Cous"
303646509,Batchelors Super Noodles Chow Mein 90G,£1.00,£11.11/kg,,,False,,False,4.7,35,False,https://www.tesco.com/groceries/en-GB/products/303646509,https://digitalcontent.api.tesco.com/v2/media/ghs/f56a471a-ea09-4d92-a41b-c39805d94b77/a8cdcaf0-1eab-42b1-8b4b-790de05596fa_311580886.jpeg?h=225&w=225,Food Cupboard,"Dried Pasta, Rice, Noodles & Cous Cous"
292818871,Tesco Wholegrain Spicy Mexican Inspired Rice 250G,£0.70,£2.80/kg,,,False,,False,4.4,22,False,https://www.tesco.com/groceries/en-GB/products/292818871,https://digitalcontent.api.tesco.com/v2/media/ghs/fcd434eb-1f0c-4e18-9e61-43ea338898b8/ff7e8a88-bd48-477f-aab8-70c9f37b1e53_1748538760.jpeg?h=225&w=225,Food Cupboard,"Dried Pasta, Rice, Noodles & Cous Cous"
317420899,Veetee Everyday Cuisine 5 Kgs,£5.90,£1.18/kg,,,False,,False,,,False,https://www.tesco.com/groceries/en-GB/products/317420899,https://digitalcontent.api.tesco.com/v2/media/ghs/6485668c-c11b-4f62-83dc-f3ceb70bd6f9/8576d46e-4f20-410b-9063-8bf8039099f8_1706596494.jpeg?h=225&w=225,Food Cupboard,"Dried Pasta, Rice, Noodles & Cous Cous"
267334956,Tilda Easy Cook Long Grain Rice 1Kg,£3.55,£3.55/kg,£2.75 Clubcard Price,(£2.75/kg),True,Offer valid for delivery from 16/04/2025 until 13/05/2025,False,,,False,https://www.tesco.com/groceries/en-GB/products/267334956,https://digitalcontent.api.tesco.com/v2/media/ghs/125df867-bf9f-4235-b8aa-0b5d3ad72af6/fdbb7836-b415-48a6-96ce-496de8bdd10f_1235974197.jpeg?h=225&w=225,Food Cupboard,"Dried Pasta, Rice, Noodles & Cous Cous"
317397033,Veetee Classic Basmati 5 Kgs,£7.80,£1.56/kg,,,False,,False,,,False,https://www.tesco.com/groceries/en-GB/products/317397033,https://digitalcontent.api.tesco.com/v2/media/ghs/a320a1c7-619b-4f94-861b-fb109c3a426f/c8f0db64-0642-4a7c-add7-d1527aad04cf_1033954665.jpeg?h=225&w=225,Food Cupboard,"Dried Pasta, Rice, Noodles & Cous Cous"
255544887,Tilda Basmati & Wild Rice 500G,£3.50,£7.00/kg,,,False,,False,,,False,https://www.tesco.com/groceries/en-GB/products/255544887,https://digitalcontent.api.tesco.com/v2/media/ghs/6c0d1828-9b3a-4da2-9a02-63be2b27e6f7/3fcf4e3c-149a-4261-bf56-d8d8c9f05c70_400709720.jpeg?h=225&w=225,Food Cupboard,"Dried Pasta, Rice, Noodles & Cous Cous"
315349025,Tilda Everyday Basmati Rice 1kg,£3.00,£3.00/kg,,,False,,False,,,False,https://www.tesco.com/groceries/en-GB/products/315349025,https://digitalcontent.api.tesco.com/v2/media/ghs/17f63077-fe36-4013-8d7c-7e1dee66cfad/bdd3629f-8bcc-4310-b43a-f6a99f6616f9_632589451.jpeg?h=225&w=225,Food Cupboard,"Dried Pasta, Rice, Noodles & Cous Cous"
317538645,Itsu Big' Bowl Noodles - Classic Soy 101g,£2.50,£24.75/kg,,,False,,False,,1,False,https://www.tesco.com/groceries/en-GB/products/317538645,https://digitalcontent.api.tesco.com/v2/media/ghs/cdf5f460-f2ba-4701-8bf0-1f24c03776c1/97b38931-fc7d-4fb8-9cc3-980c3582e961_758178557.jpeg?h=225&w=225,Food Cupboard,"Dried Pasta, Rice, Noodles & Cous Cous"
317284852,Itsu Big' Bowl Noodles - Sesame Ramen 93g,£2.50,£26.88/kg,,,False,,False,2.4,5,False,https://www.tesco.com/groceries/en-GB/products/317284852,https://digitalcontent.api.tesco.com/v2/media/ghs/56116c1c-d679-426d-bcff-adcad4cdf7a7/77f2dde2-fed4-4b73-afcb-3799c3eaed3d_13221530.jpeg?h=225&w=225,Food Cupboard,"Dried Pasta, Rice, Noodles & Cous Cous"
315348297,Blue Dragon Sushi Rice 500g,£2.35,£4.70/kg,£1.75 Save 25% Clubcard Price,(£3.50/kg),True,Offer valid for delivery from 16/04/2025 until 10/06/2025,False,,,False,https://www.tesco.com/groceries/en-GB/products/315348297,https://digitalcontent.api.tesco.com/v2/media/ghs/930921bf-fbb9-48f2-aed5-0549a310f29a/b5eeea97-00fd-47d2-bf53-bb3f7145e889_826183608.jpeg?h=225&w=225,Food Cupboard,"Dried Pasta, Rice, Noodles & Cous Cous"
312848925,Napolina Rigatoni Pasta 1Kg,£2.25,£2.25/kg,,,False,,False,,,False,https://www.tesco.com/groceries/en-GB/products/312848925,https://digitalcontent.api.tesco.com/v2/media/ghs/24a4639e-a7f8-4d9a-9818-c6ec5d063a1a/138cee2f-6584-4a50-ba58-2330a8b60334_542524011.jpeg?h=225&w=225,Food Cupboard,"Dried Pasta, Rice, Noodles & Cous Cous"
313368316,Napolina Spaghetti Pasta 1Kg,£2.25,£2.25/kg,,,False,,False,,,False,https://www.tesco.com/groceries/en-GB/products/313368316,https://digitalcontent.api.tesco.com/v2/media/ghs/b106d2b8-5036-4f2c-8edf-14daad39cdec/c401209e-3cac-49de-819a-0982dac0c8ef_1408895530.jpeg?h=225&w=225,Food Cupboard,"Dried Pasta, Rice, Noodles & Cous Cous"
315379634,Tilda Everyday Long Grain Rice 1kg,£2.50,£2.50/kg,,,False,,False,,,False,https://www.tesco.com/groceries/en-GB/products/315379634,https://digitalcontent.api.tesco.com/v2/media/ghs/0627dc84-dc35-41a8-9297-6f999347420b/eaee92d1-e333-4972-bccf-3022bddbfcb6_1641367715.jpeg?h=225&w=225,Food Cupboard,"Dried Pasta, Rice, Noodles & Cous Cous"
315358509,Tilda Boil in the Bag Jasmine Rice 4 x 62.5g,£1.90,£7.60/kg,,,False,,False,,,False,https://www.tesco.com/groceries/en-GB/products/315358509,https://digitalcontent.api.tesco.com/v2/media/ghs/33adc100-9522-48e7-a322-f84197c28ce1/a6fafb2e-fee0-4137-ab6a-4deafed42425_1113018205.jpeg?h=225&w=225,Food Cupboard,"Dried Pasta, Rice, Noodles & Cous Cous"
315465682,"Rummo Gluten Free Spaghetti Pasta N0.3, 400g",£2.30,£5.75/kg,,,False,,False,,5,False,https://www.tesco.com/groceries/en-GB/products/315465682,https://digitalcontent.api.tesco.com/v2/media/ghs/6b394731-0770-4536-ac94-d3e4f181e117/53935e32-ea40-400f-bb36-0a778c6baeb4_1396293104.jpeg?h=225&w=225,Food Cupboard,"Dried Pasta, Rice, Noodles & Cous Cous"
316951934,Bens Original Favourites Risotto Tomato and Italian Style Herbs Microwave Rice Meal 250g,£2.50,£10.00/kg,£2.00 Clubcard Price,(£8.00/kg),True,Offer valid for delivery from 19/03/2025 until 13/05/2025,False,3.9,72,False,https://www.tesco.com/groceries/en-GB/products/316951934,https://digitalcontent.api.tesco.com/v2/media/ghs/09c589d5-696f-460b-8c1a-be1670c76f9d/075bae17-95f1-490f-806b-ed67afc99837_982422929.jpeg?h=225&w=225,Food Cupboard,"Dried Pasta, Rice, Noodles & Cous Cous"
315451387,Rummo Gluten Free Penne Rigate No. 66 400g,£2.30,£5.75/kg,,,False,,False,,7,False,https://www.tesco.com/groceries/en-GB/products/315451387,https://digitalcontent.api.tesco.com/v2/media/ghs/70a22ad8-a274-4713-a485-7f66c1c0b6f2/8371dfb3-34b1-4779-a56e-736dd0428c5d_1114529985.jpeg?h=225&w=225,Food Cupboard,"Dried Pasta, Rice, Noodles & Cous Cous"
282411877,Merchant Gourmet Glorious Grains 250G,£2.15,£8.60/kg,£1.50 Clubcard Price,(£6.00/kg),True,Offer valid for delivery from 16/04/2025 until 13/05/2025,False,4.1,11,False,https://www.tesco.com/groceries/en-GB/products/282411877,https://digitalcontent.api.tesco.com/v2/media/ghs/6ef65f54-36a2-4261-8102-3834fa1cb1b5/b6ea86da-d9e9-401f-84dd-8db07022f06d_1285460289.jpeg?h=225&w=225,Food Cupboard,"Dried Pasta, Rice, Noodles & Cous Cous"
317053509,Tesco Mac & Cheese Sauce 480g,£1.85,£0.38/100g,,,False,,False,1.4,20,False,https://www.tesco.com/groceries/en-GB/products/317053509,https://digitalcontent.api.tesco.com/v2/media/ghs/ded4c9c4-bb60-4b3b-8ebc-dbf6982c7d74/c2f2625b-6f9b-4ed5-9de7-cede7c41f0c8_299302212.jpeg?h=225&w=225,Food Cupboard,"Dried Pasta, Rice, Noodles & Cous Cous"
315312132,Gallo Risotto Pronto - Saffron 250g,£2.20,£8.80/kg,,,False,,False,,1,False,https://www.tesco.com/groceries/en-GB/products/315312132,https://digitalcontent.api.tesco.com/v2/media/ghs/3172d71f-6d5a-42e3-89a5-896f2d613250/6f452b71-f9b3-4738-9211-9f5f04b2c874_1180817762.jpeg?h=225&w=225,Food Cupboard,"Dried Pasta, Rice, Noodles & Cous Cous"
317188047,Dolmio Pronto Pasta & Sauce - Tomato & Basil 200g,£2.20,£1.10/100g,,,False,,False,3.5,2,False,https://www.tesco.com/groceries/en-GB/products/317188047,https://digitalcontent.api.tesco.com/v2/media/ghs/bb93ba3b-dd27-4da1-9418-34840746a7d6/8412a1d5-12ef-4e7e-9468-c3122675e782_1008788078.jpeg?h=225&w=225,Food Cupboard,"Dried Pasta, Rice, Noodles & Cous Cous"
311221349,New Kenji Microwaveable Sushi Rice 250G,£1.90,£7.60/kg,,,False,,False,3.7,3,False,https://www.tesco.com/groceries/en-GB/products/311221349,https://digitalcontent.api.tesco.com/v2/media/ghs/dcc0e55e-7fa6-4229-9e14-7c537db322ae/ed3e2d1c-2f85-43be-bb31-ecde5b30d643_166895954.jpeg?h=225&w=225,Food Cupboard,"Dried Pasta, Rice, Noodles & Cous Cous"
315310747,Gallo Risotto Pronto - Mushroom 250g,£2.20,£8.80/kg,,,False,,False,,,False,https://www.tesco.com/groceries/en-GB/products/315310747,https://digitalcontent.api.tesco.com/v2/media/ghs/00765a16-37d6-457c-9c28-01cd0a53ce0e/d04c0de8-970c-4743-964c-062d0dd8e4d0_20308209.jpeg?h=225&w=225,Food Cupboard,"Dried Pasta, Rice, Noodles & Cous Cous"
311268259,Merchant Gourmet Mediterranean Style Grains With Tomato & Olive 250g,£2.15,£8.60/kg,£1.50 Clubcard Price,(£6.00/kg),True,Offer valid for delivery from 16/04/2025 until 13/05/2025,False,4.7,3,False,https://www.tesco.com/groceries/en-GB/products/311268259,https://digitalcontent.api.tesco.com/v2/media/ghs/06b68ae6-e75f-4cc2-b6fe-a8e04381b575/9f3de36e-22e9-4c0b-8302-50b90b1d5472_174902475.jpeg?h=225&w=225,Food Cupboard,"Dried Pasta, Rice, Noodles & Cous Cous"
317041178,Ben's Original Favourites Chicken & Mushroom Risotto 250g,£2.50,£10.00/kg,£2.00 Clubcard Price,(£8.00/kg),True,Offer valid for delivery from 19/03/2025 until 13/05/2025,False,4.3,76,False,https://www.tesco.com/groceries/en-GB/products/317041178,https://digitalcontent.api.tesco.com/v2/media/ghs/dfc392d7-4a2a-4031-b15b-cc95825cef56/1c1eaa74-fb30-4b20-8f1f-bad8a8546d94_191305024.jpeg?h=225&w=225,Food Cupboard,"Dried Pasta, Rice, Noodles & Cous Cous"
312847523,Napolina Linguine 500G,£1.50,£3.00/kg,,,False,,False,,,False,https://www.tesco.com/groceries/en-GB/products/312847523,https://digitalcontent.api.tesco.com/v2/media/ghs/8646ae64-b618-4ae5-9879-c26f13953b2d/422a1b74-6bc6-4222-a8ae-65f34dcd3ca8_1343865724.jpeg?h=225&w=225,Food Cupboard,"Dried Pasta, Rice, Noodles & Cous Cous"
316948841,Batchelors Cook With Noodles - Chilli Flavour 4x60g,£1.80,£7.50/kg,,,False,,False,,,False,https://www.tesco.com/groceries/en-GB/products/316948841,https://digitalcontent.api.tesco.com/v2/media/ghs/d0256e6b-1900-46ce-912f-f53be51088ef/913694e3-4f89-4cc1-ab79-807e59c22eb6_1993262418.jpeg?h=225&w=225,Food Cupboard,"Dried Pasta, Rice, Noodles & Cous Cous"
317551156,Napolina Macaroni Pasta 500g,£1.50,£3.00/kg,,,False,,False,3.7,3,False,https://www.tesco.com/groceries/en-GB/products/317551156,https://digitalcontent.api.tesco.com/v2/media/ghs/04f4b979-dc18-41a2-844f-ed4b23931b16/e2670f8d-1f3d-481e-a8e7-2a9ef07ed276_1243786234.jpeg?h=225&w=225,Food Cupboard,"Dried Pasta, Rice, Noodles & Cous Cous"
317070581,Bens Original Favourites Paella Chorizo and Vegetable Microwave Rice Meal 250g,£2.50,£10.00/kg,£2.00 Clubcard Price,(£8.00/kg),True,Offer valid for delivery from 19/03/2025 until 13/05/2025,False,4.2,78,False,https://www.tesco.com/groceries/en-GB/products/317070581,https://digitalcontent.api.tesco.com/v2/media/ghs/239ca1e8-cb80-43d9-801e-83738c5f2d8e/c0af7e22-3e40-4228-b4c7-5319bba482ed_1779651685.jpeg?h=225&w=225,Food Cupboard,"Dried Pasta, Rice, Noodles & Cous Cous"
318265657,Tesco High Protein Penne 250g,£1.20,£4.80/kg,,,False,,False,,,False,https://www.tesco.com/groceries/en-GB/products/318265657,https://digitalcontent.api.tesco.com/v2/media/ghs/f45aba7f-de56-4039-9c6c-284038bf6e17/f476fa07-9076-4839-8a34-1f1252a8b347_201333354.jpeg?h=225&w=225,Food Cupboard,"Dried Pasta, Rice, Noodles & Cous Cous"
314688650,Tesco Finest Rigatoni 500G 500G,£1.75,£3.50/kg,,,False,,False,4.7,6,False,https://www.tesco.com/groceries/en-GB/products/314688650,https://digitalcontent.api.tesco.com/v2/media/ghs/0c8c1a75-4183-4237-bc34-a2c0de0375a6/ed0699df-1989-4381-b01c-c9ad605c315c_276548955.jpeg?h=225&w=225,Food Cupboard,"Dried Pasta, Rice, Noodles & Cous Cous"
314945968,Batchelors Cook With Noodles - Chicken Flavour 4x60g,£1.80,£7.50/kg,,,False,,False,4.6,62,False,https://www.tesco.com/groceries/en-GB/products/314945968,https://digitalcontent.api.tesco.com/v2/media/ghs/da779ba6-87af-4533-8077-11db82e3e214/c53366f4-015b-46c7-bff4-1eb7f39bbdd2_2126235301.jpeg?h=225&w=225,Food Cupboard,"Dried Pasta, Rice, Noodles & Cous Cous"
317199671,The Snack Organisation Tom Yum Noodles 80g,£1.15,£14.38/kg,,,False,,False,2.7,3,False,https://www.tesco.com/groceries/en-GB/products/317199671,https://digitalcontent.api.tesco.com/v2/media/ghs/b755560c-f79d-46b5-aef1-7127dabe398a/54bdf790-49c3-4c2b-b14e-605868d070ae_842730812.jpeg?h=225&w=225,Food Cupboard,"Dried Pasta, Rice, Noodles & Cous Cous"
316649446,The Snack Organisation Pad Thai Noodles 80g,£1.15,£14.38/kg,,,False,,False,2.3,6,False,https://www.tesco.com/groceries/en-GB/products/316649446,https://digitalcontent.api.tesco.com/v2/media/ghs/5cc87906-638d-4ffc-9cc0-f6249f6ab477/a4cdf195-7311-4223-a355-16d2233fcef1_2015631805.jpeg?h=225&w=225,Food Cupboard,"Dried Pasta, Rice, Noodles & Cous Cous"
313964676,Cup Noodles Wok Style Soba Japanese Curry 90g,£1.75,£19.44/kg,,,False,,False,4.9,42,False,https://www.tesco.com/groceries/en-GB/products/313964676,https://digitalcontent.api.tesco.com/v2/media/ghs/ec213f2f-d3f3-46a2-998f-e10044d9d3e2/6723d1e1-1555-4615-af88-d7d0b172d17d_2085479961.jpeg?h=225&w=225,Food Cupboard,"Dried Pasta, Rice, Noodles & Cous Cous"
312212407,Itsu Chick-n Ramen Rice Noodles 64g,£1.85,£28.91/kg,,,False,,False,,2,False,https://www.tesco.com/groceries/en-GB/products/312212407,https://digitalcontent.api.tesco.com/v2/media/ghs/380db1b7-5f8d-4917-8e32-60f730ddba91/cfdc3d50-e8af-4546-94f2-1c8dc0037281_1096903887.jpeg?h=225&w=225,Food Cupboard,"Dried Pasta, Rice, Noodles & Cous Cous"
316785854,Nissin Soba Yakitori Chicken Instant Stir Fry Noodles 110g,£1.20,£10.91/kg,£1.00 Clubcard Price,(£9.09/kg),True,Offer valid for delivery from 16/04/2025 until 13/05/2025,False,,,False,https://www.tesco.com/groceries/en-GB/products/316785854,https://digitalcontent.api.tesco.com/v2/media/ghs/53bd3588-04d9-4863-97c6-8c42924aa30f/d8437b43-3352-4907-954e-9a9a307f5005_1238758102.jpeg?h=225&w=225,Food Cupboard,"Dried Pasta, Rice, Noodles & Cous Cous"
303999879,Tilda Boil In Bag Long Grain 250G,£1.90,£7.60/kg,,,False,,False,,,False,https://www.tesco.com/groceries/en-GB/products/303999879,https://digitalcontent.api.tesco.com/v2/media/ghs/76542c0c-7f0e-4f19-b48e-9989c7de6a73/1942bd18-c221-4730-ac33-4f3cabab771f_1333279146.jpeg?h=225&w=225,Food Cupboard,"Dried Pasta, Rice, Noodles & Cous Cous"
292819030,Tesco Chicken & Sweetcorn Flavour Microwave Rice 250G,£0.70,£2.80/kg,,,False,,False,2.6,25,False,https://www.tesco.com/groceries/en-GB/products/292819030,https://digitalcontent.api.tesco.com/v2/media/ghs/6895b7c4-6e56-4531-8590-c283729ae333/e403b39e-616d-4de2-9668-a9c4787aa3b7_1557883935.jpeg?h=225&w=225,Food Cupboard,"Dried Pasta, Rice, Noodles & Cous Cous"
312844780,Growers Harvest Microwave Long Grain Rice 250G,£0.49,£1.96/kg,,,False,,False,3.3,9,False,https://www.tesco.com/groceries/en-GB/products/312844780,https://digitalcontent.api.tesco.com/v2/media/ghs/037e5d72-96b7-4c3f-beb1-7f2b7457424c/932cdc3b-d504-47e7-9aa4-5bf24c5fc93f_1061256522.jpeg?h=225&w=225,Food Cupboard,"Dried Pasta, Rice, Noodles & Cous Cous"
316640110,Bens Original Lunch Bowl Italian Style Grains and Rice 220g,£3.00,£13.64/kg,£2.50 Clubcard Price,(£11.36/kg),True,Offer valid for delivery from 19/03/2025 until 13/05/2025,False,4.2,72,False,https://www.tesco.com/groceries/en-GB/products/316640110,https://digitalcontent.api.tesco.com/v2/media/ghs/884d48b8-3687-41c7-92fd-2ea1a9378422/352f89d6-6708-432f-a225-649315ac394d_130690681.jpeg?h=225&w=225,Food Cupboard,"Dried Pasta, Rice, Noodles & Cous Cous"
317069027,Bens Original Lunch Bowl Mexican Style Grains and Rice 220g,£3.00,£13.64/kg,£2.50 Clubcard Price,(£11.36/kg),True,Offer valid for delivery from 19/03/2025 until 13/05/2025,False,4.7,50,False,https://www.tesco.com/groceries/en-GB/products/317069027,https://digitalcontent.api.tesco.com/v2/media/ghs/1df33b85-d37a-4adc-84e7-8e4355f626d9/95cc6234-bd9f-4ce9-b30b-f70dbb2b6b86_1959649978.jpeg?h=225&w=225,Food Cupboard,"Dried Pasta, Rice, Noodles & Cous Cous"
316938087,Bens Original Lunch Bowl Moroccan Style Grains and Pulses 220g,£3.00,£13.64/kg,£2.50 Clubcard Price,(£11.36/kg),True,Offer valid for delivery from 19/03/2025 until 13/05/2025,False,4.4,50,False,https://www.tesco.com/groceries/en-GB/products/316938087,https://digitalcontent.api.tesco.com/v2/media/ghs/7cbfad88-d71b-46f8-9907-7205c0bbb7a4/d9e6c574-5b39-44cb-bae6-c2b681ff88e5_356376708.jpeg?h=225&w=225,Food Cupboard,"Dried Pasta, Rice, Noodles & Cous Cous"
316937226,Bens Original Lunch Bowl Spicy Thai Style Coconut Grains and Rice 220g,£3.00,£13.64/kg,£2.50 Clubcard Price,(£11.36/kg),True,Offer valid for delivery from 19/03/2025 until 13/05/2025,False,4.6,16,False,https://www.tesco.com/groceries/en-GB/products/316937226,https://digitalcontent.api.tesco.com/v2/media/ghs/048b1505-9cea-44db-a0c0-f2617366f42f/0e60560a-da7f-4d62-b686-21910d4edc36_572423500.jpeg?h=225&w=225,Food Cupboard,"Dried Pasta, Rice, Noodles & Cous Cous"
321528611,Merchant Gourmet Puy Lentil & Mixed Mushroom Bolognese 280g,,,,,False,,False,,,False,https://www.tesco.com/groceries/en-GB/products/321528611,https://digitalcontent.api.tesco.com/v2/media/ghs/89eaa308-0378-45f7-891c-1abb6762a424/465a6d79-accf-430b-81f4-7dda818b002d_407330058.jpeg?h=225&w=225,Food Cupboard,"Dried Pasta, Rice, Noodles & Cous Cous"
313612241,Tilda Microwave Sticky Medium Grain Rice 250G,£1.00,£4.00/kg,,,False,,False,4.4,49,False,https://www.tesco.com/groceries/en-GB/products/313612241,https://digitalcontent.api.tesco.com/v2/media/ghs/f68915e5-1dbe-4961-9c5f-b9816f6f91d4/f457d345-3e58-42f5-a81b-05935ce26706_259572650.jpeg?h=225&w=225,Food Cupboard,"Dried Pasta, Rice, Noodles & Cous Cous"
317051333,Bens Original Favourites Chilli con Carne Minced Beef and Vegetable Microwave Meal 250g,£2.50,£10.00/kg,£2.00 Clubcard Price,(£8.00/kg),True,Offer valid for delivery from 19/03/2025 until 13/05/2025,False,4.1,65,False,https://www.tesco.com/groceries/en-GB/products/317051333,https://digitalcontent.api.tesco.com/v2/media/ghs/c135b7a1-4e80-43ae-99ad-2f92cf929e21/183fefb5-f232-43e6-8bec-6a4be759e72f_934627737.jpeg?h=225&w=225,Food Cupboard,"Dried Pasta, Rice, Noodles & Cous Cous"
317314037,Veetee Stir'd Rose Harissa 100g,£2.00,£20.00/kg,£1.00 Half Price Clubcard Price,(£10.00/kg),True,Offer valid for delivery from 16/04/2025 until 10/06/2025,False,,10,False,https://www.tesco.com/groceries/en-GB/products/317314037,https://digitalcontent.api.tesco.com/v2/media/ghs/aeea23a3-d9da-4597-8fa3-f5d18f8f01e7/b5213efe-8d0f-49b0-87c3-2e2b2b29e279_52700813.jpeg?h=225&w=225,Food Cupboard,"Dried Pasta, Rice, Noodles & Cous Cous"
314422268,Fullgreen Riced Cauliflower & Broccoli 200g,£2.00,£10.00/kg,£1.50 Save 25% Clubcard Price,(£7.50/kg),True,Offer valid for delivery from 16/04/2025 until 13/05/2025,False,4.3,39,False,https://www.tesco.com/groceries/en-GB/products/314422268,https://digitalcontent.api.tesco.com/v2/media/ghs/9bbea9db-0eb0-4208-8d32-3ac81fe1d0c7/71f2a2f7-496b-45da-a939-94e21c099b72_148757656.jpeg?h=225&w=225,Food Cupboard,"Dried Pasta, Rice, Noodles & Cous Cous"
316798303,Veetee Stir'd Fiery Sriracha 100g,£2.00,£20.00/kg,£1.00 Half Price Clubcard Price,(£10.00/kg),True,Offer valid for delivery from 16/04/2025 until 10/06/2025,False,,9,False,https://www.tesco.com/groceries/en-GB/products/316798303,https://digitalcontent.api.tesco.com/v2/media/ghs/ab79be1f-5810-42ee-88e2-52f6be49ce53/543a92f9-61ae-49cb-9785-0bd42d1f1104_467364568.jpeg?h=225&w=225,Food Cupboard,"Dried Pasta, Rice, Noodles & Cous Cous"
317182903,Veetee Stir'd Smokey Cajun 100g,£2.00,£20.00/kg,£1.00 Half Price Clubcard Price,(£10.00/kg),True,Offer valid for delivery from 16/04/2025 until 10/06/2025,False,4.6,9,False,https://www.tesco.com/groceries/en-GB/products/317182903,https://digitalcontent.api.tesco.com/v2/media/ghs/cdb7c199-f91f-4713-9dd5-3f14195681ed/0a99c6c2-4140-450c-8ae6-f5c46a06b310_551247067.jpeg?h=225&w=225,Food Cupboard,"Dried Pasta, Rice, Noodles & Cous Cous"
314311296,Ben's Original Classic Wholegrain Rice 220G,£1.00,£4.54/kg,,,False,,False,4.6,121,False,https://www.tesco.com/groceries/en-GB/products/314311296,https://digitalcontent.api.tesco.com/v2/media/ghs/749621e8-54af-40de-9cdc-1c032e42daab/ed467d26-cd49-406a-abac-fe219e0a6ca4_153309808.jpeg?h=225&w=225,Food Cupboard,"Dried Pasta, Rice, Noodles & Cous Cous"
315051857,Ben's Original Jasmine Microwave Rice 220g,£1.00,£4.54/kg,,,False,,False,4.8,41,False,https://www.tesco.com/groceries/en-GB/products/315051857,https://digitalcontent.api.tesco.com/v2/media/ghs/f8322934-8ce2-40d1-b1df-8f074fb10fca/42409ea0-1807-47d3-9231-8261480474d4_646490261.jpeg?h=225&w=225,Food Cupboard,"Dried Pasta, Rice, Noodles & Cous Cous"
317205550,Napolina Orzo Pasta 500g,,,,,False,,False,,1,False,https://www.tesco.com/groceries/en-GB/products/317205550,https://digitalcontent.api.tesco.com/v2/media/ghs/c80b0578-b3b6-4f4f-820a-b1293314ea49/56b068c6-6932-4aa5-aa91-aa9b3e63f68f_1481650626.jpeg?h=225&w=225,Food Cupboard,"Dried Pasta, Rice, Noodles & Cous Cous"
317401640,Veetee Stir'd Aromatic Pilau 100g,£2.00,£20.00/kg,£1.00 Half Price Clubcard Price,(£10.00/kg),True,Offer valid for delivery from 16/04/2025 until 10/06/2025,False,,7,False,https://www.tesco.com/groceries/en-GB/products/317401640,https://digitalcontent.api.tesco.com/v2/media/ghs/5b30dbd2-52d5-4a72-84dc-6ddca67d4158/febfb559-db91-44fa-9fe5-3bd6400dc967_1605999253.jpeg?h=225&w=225,Food Cupboard,"Dried Pasta, Rice, Noodles & Cous Cous"
321680918,Merchant Gourmet 3-Bean & Lentil Chilli 280g,£2.50,£8.93/kg,,,False,,False,,,False,https://www.tesco.com/groceries/en-GB/products/321680918,https://digitalcontent.api.tesco.com/v2/media/ghs/8eebbdd9-e1d9-4209-adb8-2a23a8b6587b/954375fe-4203-45f1-8a62-33d4ac7dc88e_12147793.jpeg?h=225&w=225,Food Cupboard,"Dried Pasta, Rice, Noodles & Cous Cous"
321323110,Merchant Gourmet Thai Green Lentil Curry 280g,£2.50,£8.93/kg,,,False,,False,,,False,https://www.tesco.com/groceries/en-GB/products/321323110,https://digitalcontent.api.tesco.com/v2/media/ghs/fec005d6-1514-458b-b8a7-14bf9ccd580a/ab158677-b6b4-453f-bd0a-59cb1707c005_1110561051.jpeg?h=225&w=225,Food Cupboard,"Dried Pasta, Rice, Noodles & Cous Cous"
321526711,Merchant Gourmet Lentil & Chickpea Tagine 280g,£2.50,£8.93/kg,,,False,,False,,,False,https://www.tesco.com/groceries/en-GB/products/321526711,https://digitalcontent.api.tesco.com/v2/media/ghs/b5247940-6190-4e26-b5d9-4052495246a4/b2329211-4cd0-4604-9bbc-569e6d25f436_460781750.jpeg?h=225&w=225,Food Cupboard,"Dried Pasta, Rice, Noodles & Cous Cous"
316939610,Bens Original Sticky Rice Microwave Rice 220g,£1.00,£4.54/kg,,,False,,False,4.3,47,False,https://www.tesco.com/groceries/en-GB/products/316939610,https://digitalcontent.api.tesco.com/v2/media/ghs/f13f538d-b687-470b-b539-166656fcdf6c/fcf68071-74c4-462a-8548-38a59471e12a_840786442.jpeg?h=225&w=225,Food Cupboard,"Dried Pasta, Rice, Noodles & Cous Cous"
316933645,Tesco Finest Five Cheese Stuffed Gnocchi 400g,£2.50,£6.25/kg,,,False,,False,1.4,7,False,https://www.tesco.com/groceries/en-GB/products/316933645,https://digitalcontent.api.tesco.com/v2/media/ghs/6681a1a7-cd63-46d5-b866-5943468ac93f/e6bfb000-ee20-45f4-a7ac-54aa643bc707_1291824824.jpeg?h=225&w=225,Food Cupboard,"Dried Pasta, Rice, Noodles & Cous Cous"
316946342,Tesco Finest Porcini & Truffle Filled Gnocchi 400g,£2.50,£6.25/kg,,,False,,False,,41,False,https://www.tesco.com/groceries/en-GB/products/316946342,https://digitalcontent.api.tesco.com/v2/media/ghs/87ec3d97-b7ed-4bb1-9d2e-d5ba14fe7e02/39832dc0-493c-4198-b47b-cb5bd36b7c01_850107181.jpeg?h=225&w=225,Food Cupboard,"Dried Pasta, Rice, Noodles & Cous Cous"
317410750,Merchant Gourmet Black Dhal 250g,£2.50,£10.00/kg,,,False,,False,,,False,https://www.tesco.com/groceries/en-GB/products/317410750,https://digitalcontent.api.tesco.com/v2/media/ghs/009b3571-4e98-49e9-ab2f-f4643ff896db/ee39e8bc-fed5-4c5e-a1ca-315e95c87e4b_130111827.jpeg?h=225&w=225,Food Cupboard,"Dried Pasta, Rice, Noodles & Cous Cous"
317415664,Veetee West African Jollof Inspired Rice 250g,£1.40,£5.60/kg,£1.25 Clubcard Price,(£5.00/kg),True,Offer valid for delivery from 16/04/2025 until 13/05/2025,False,,5,False,https://www.tesco.com/groceries/en-GB/products/317415664,https://digitalcontent.api.tesco.com/v2/media/ghs/10360c77-d5e4-471c-87be-0019415f943e/8a68b5c7-b660-4890-9309-30649d611b31_288589784.jpeg?h=225&w=225,Food Cupboard,"Dried Pasta, Rice, Noodles & Cous Cous"
315348147,Veetee Arroz Rojo Mexican Inspired Rice 250g,£1.40,£5.60/kg,£1.25 Clubcard Price,(£5.00/kg),True,Offer valid for delivery from 16/04/2025 until 13/05/2025,False,4.7,6,False,https://www.tesco.com/groceries/en-GB/products/315348147,https://digitalcontent.api.tesco.com/v2/media/ghs/cb47e903-39b7-4f8f-a075-36e05fa84c2c/9d27051d-44c4-46d0-9bb7-de009b55436f_631278700.jpeg?h=225&w=225,Food Cupboard,"Dried Pasta, Rice, Noodles & Cous Cous"
315357614,Veetee Japanese Togarashi Spicy Sticky Rice 280g,£1.40,£5.00/kg,£1.25 Clubcard Price,(£4.46/kg),True,Offer valid for delivery from 16/04/2025 until 13/05/2025,False,4.6,9,False,https://www.tesco.com/groceries/en-GB/products/315357614,https://digitalcontent.api.tesco.com/v2/media/ghs/50f7a707-3be2-49d5-9ea4-582e45008ece/4152b516-d5d3-45ce-8f6a-e26d1160e71d_2121376289.jpeg?h=225&w=225,Food Cupboard,"Dried Pasta, Rice, Noodles & Cous Cous"
317309681,Veetee Korean Gochujang Inspired Rice Tray 250g,£1.40,£5.60/kg,£1.25 Clubcard Price,(£5.00/kg),True,Offer valid for delivery from 16/04/2025 until 13/05/2025,False,,6,False,https://www.tesco.com/groceries/en-GB/products/317309681,https://digitalcontent.api.tesco.com/v2/media/ghs/08cb3185-7a89-4ca7-bd11-9437269a34f7/f862537f-bddf-48c8-ab0f-2eb352471034_1856478145.jpeg?h=225&w=225,Food Cupboard,"Dried Pasta, Rice, Noodles & Cous Cous"
317058585,Veetee Indonesian Nasi Goreng Inspired Rice Tray 250g,£1.40,£5.60/kg,£1.25 Clubcard Price,(£5.00/kg),True,Offer valid for delivery from 16/04/2025 until 13/05/2025,False,4.9,7,False,https://www.tesco.com/groceries/en-GB/products/317058585,https://digitalcontent.api.tesco.com/v2/media/ghs/4965752f-db71-420a-885b-54a0682ce3dd/f9fba853-bddf-449a-a865-4c63bf0a72ee_1318860003.jpeg?h=225&w=225,Food Cupboard,"Dried Pasta, Rice, Noodles & Cous Cous"
315461225,Veetee Super 6 Golden Veg Rice Medley 250g,£1.40,£5.60/kg,£1.25 Clubcard Price,(£5.00/kg),True,Offer valid for delivery from 16/04/2025 until 13/05/2025,False,3.9,8,False,https://www.tesco.com/groceries/en-GB/products/315461225,https://digitalcontent.api.tesco.com/v2/media/ghs/862b0adc-d349-44db-a1e3-1d8c82eba0bc/26a850a0-c0fe-4b39-b931-6e3c1733efbc_936390824.jpeg?h=225&w=225,Food Cupboard,"Dried Pasta, Rice, Noodles & Cous Cous"
317068613,"Merchant Gourmet Mango, Chilli & Lime Wholegrain Rice 250g",£2.00,£8.00/kg,,,False,,False,,,False,https://www.tesco.com/groceries/en-GB/products/317068613,https://digitalcontent.api.tesco.com/v2/media/ghs/5a4d1c29-d6f7-428c-a047-2daeb25dff25/0f384eaf-6890-4fb0-9343-33a971495555_1798260328.jpeg?h=225&w=225,Food Cupboard,"Dried Pasta, Rice, Noodles & Cous Cous"
317288986,"Merchant Gourmet Brown, Red & Wild Rice 250g",£2.00,£0.80/100g,,,False,,False,,3,False,https://www.tesco.com/groceries/en-GB/products/317288986,https://digitalcontent.api.tesco.com/v2/media/ghs/fa0c8d69-a131-4a7d-8cec-ddaf6058fa4e/0eff0c8b-7769-4cab-9db0-bb87a5aa3d64_425026872.jpeg?h=225&w=225,Food Cupboard,"Dried Pasta, Rice, Noodles & Cous Cous"
313508365,Tilda Golden Vegetable Long Grain Rice 250g,£1.00,£4.00/kg,,,False,,False,4.4,59,False,https://www.tesco.com/groceries/en-GB/products/313508365,https://digitalcontent.api.tesco.com/v2/media/ghs/fa272853-e4d3-4703-9eba-5b4e686b1cf2/24f4f881-8c20-4928-9f48-d4be60964a5e_842229677.jpeg?h=225&w=225,Food Cupboard,"Dried Pasta, Rice, Noodles & Cous Cous"
317196242,Merchant Gourmet Coconut & Lime Leaf Wholegrain & White Rice 250g,£2.00,£8.00/kg,,,False,,False,,8,False,https://www.tesco.com/groceries/en-GB/products/317196242,https://digitalcontent.api.tesco.com/v2/media/ghs/4190b518-5e58-4feb-9e0e-9d0f8901b528/1917c758-b4bc-4c3c-bb1f-9e9d75113417_2016378746.jpeg?h=225&w=225,Food Cupboard,"Dried Pasta, Rice, Noodles & Cous Cous"
318185461,Bens Original Basmati Microwave Rice Family Pack 450g,£1.95,£4.33/kg,,,False,,False,4.8,11,False,https://www.tesco.com/groceries/en-GB/products/318185461,https://digitalcontent.api.tesco.com/v2/media/ghs/4bdac7bc-2675-4ffb-a960-bad69ad46556/74dfb54d-fe16-4bfb-9cb7-5f57032e721c_2140975679.jpeg?h=225&w=225,Food Cupboard,"Dried Pasta, Rice, Noodles & Cous Cous"
317051537,Tilda Pots Butter and Sea Salt Jasmine Rice 2 x 125g,£1.50,£6.00/kg,,,False,,False,,,False,https://www.tesco.com/groceries/en-GB/products/317051537,https://digitalcontent.api.tesco.com/v2/media/ghs/bd9416a4-3b7d-473b-8f6b-bea8829dae81/204dfbac-037a-42cb-b5c7-fb32059cb034_1009206328.jpeg?h=225&w=225,Food Cupboard,"Dried Pasta, Rice, Noodles & Cous Cous"
317284783,Tilda Pots Vegetable Long Grain Rice 2 x 125g,£1.50,£6.00/kg,,,False,,False,4.5,2,False,https://www.tesco.com/groceries/en-GB/products/317284783,https://digitalcontent.api.tesco.com/v2/media/ghs/b30f2fcf-363d-494c-871c-1c9436152d9d/b97c50c1-17bc-43c8-ba2b-acb37cdfa154_123604374.jpeg?h=225&w=225,Food Cupboard,"Dried Pasta, Rice, Noodles & Cous Cous"
316944004,Tilda Garlic & Herbs Long Grain Rice 250g,£1.25,£5.00/kg,,,False,,False,,,False,https://www.tesco.com/groceries/en-GB/products/316944004,https://digitalcontent.api.tesco.com/v2/media/ghs/a6370847-1f1c-4b82-917c-95a48f366bad/449a6010-66a0-4c6e-ad87-8e34b114b085_846938904.jpeg?h=225&w=225,Food Cupboard,"Dried Pasta, Rice, Noodles & Cous Cous"
316796386,Tilda Limited Edition Saag Aloo Basmati Rice 250g,£1.25,£5.00/kg,,,False,,False,,10,False,https://www.tesco.com/groceries/en-GB/products/316796386,https://digitalcontent.api.tesco.com/v2/media/ghs/4819db17-6247-43b5-abfe-ff96ffe9f95d/d588ee94-4e10-43d1-bb52-0b2aefc5b61e_1031400237.jpeg?h=225&w=225,Food Cupboard,"Dried Pasta, Rice, Noodles & Cous Cous"
314694671,Ben's Original Wholegrain Golden Veg 220g,£1.40,£6.36/kg,,,False,,False,,,False,https://www.tesco.com/groceries/en-GB/products/314694671,https://digitalcontent.api.tesco.com/v2/media/ghs/df49e42f-5872-4ad4-be0f-9322ab634358/cc63bd0f-7fef-4a81-9207-af810d6c96b4_1965808735.jpeg?h=225&w=225,Food Cupboard,"Dried Pasta, Rice, Noodles & Cous Cous"
300594972,Tesco Microwave Jasmine Rice 250G,£0.70,£2.80/kg,,,False,,False,,34,False,https://www.tesco.com/groceries/en-GB/products/300594972,https://digitalcontent.api.tesco.com/v2/media/ghs/3ec1e0cb-174c-4fdb-bb52-9d3df2c90645/3042066d-4b36-49e4-a148-ab073825859d_69480059.jpeg?h=225&w=225,Food Cupboard,"Dried Pasta, Rice, Noodles & Cous Cous"
318079570,Tesco Sticky Jasmine Rice 300g,£2.00,£6.67/kg,"STIR FRY Meal Deal for £3 Clubcard Price - Buy 1 Rice & Noodles, 1 Sauce & 1 Vegetable",,True,Offer valid for delivery from 13/11/2024 until 30/09/2025,False,,,False,https://www.tesco.com/groceries/en-GB/products/318079570,https://digitalcontent.api.tesco.com/v2/media/ghs/7cea6896-bee0-48ee-b7a2-2acd11ec2e43/bf273cf4-83d9-44d2-943c-eb54a83fbc18.jpeg?h=225&w=225,Food Cupboard,"Dried Pasta, Rice, Noodles & Cous Cous"
312717891,Growers Harvest Microwave Wholegrain Rice 250G,£0.49,£1.96/kg,,,False,,False,,9,False,https://www.tesco.com/groceries/en-GB/products/312717891,https://digitalcontent.api.tesco.com/v2/media/ghs/211f3456-0cc8-4a89-bf36-16cf94d3fa71/f5e38fcb-4dfb-474a-80f9-8f529fbb3a47_1077145819.jpeg?h=225&w=225,Food Cupboard,"Dried Pasta, Rice, Noodles & Cous Cous"
312985900,Growers Harvest Microwave Basmati Rice 250G,£0.49,£1.96/kg,,,False,,False,3.1,11,False,https://www.tesco.com/groceries/en-GB/products/312985900,https://digitalcontent.api.tesco.com/v2/media/ghs/68570613-b678-4d80-8e55-fbf37adf93a3/bb013a7b-cf80-4c4f-813f-726ae1e1be8f_264478853.jpeg?h=225&w=225,Food Cupboard,"Dried Pasta, Rice, Noodles & Cous Cous"
303367678,MAGGI 3 Minute Instant Noodles Chicken Flavour 59g,£1.80,£7.63/kg,,,False,,False,,,False,https://www.tesco.com/groceries/en-GB/products/303367678,https://digitalcontent.api.tesco.com/v2/media/ghs/9a45e2ac-c106-4d81-b3d0-ae53419b528d/4e7755f0-dd39-44c2-ae35-a9502bfeca28_1756037925.jpeg?h=225&w=225,Food Cupboard,"Dried Pasta, Rice, Noodles & Cous Cous"
320551169,Tesco High Protein Noodles 250g,£1.70,£6.80/kg,,,False,,False,,,False,https://www.tesco.com/groceries/en-GB/products/320551169,https://digitalcontent.api.tesco.com/v2/media/ghs/036a8e4e-54bb-4b4c-9072-eb967ec0b552/ff8c33f4-7393-48b5-986a-92ac4718fbff_911923394.jpeg?h=225&w=225,Food Cupboard,"Dried Pasta, Rice, Noodles & Cous Cous"
315355490,Blue Dragon Medium Egg Noodles 250g,£1.50,£6.00/kg,£1.20 Clubcard Price,(£4.80/kg),True,Offer valid for delivery from 29/03/2025 until 21/04/2025,False,,,False,https://www.tesco.com/groceries/en-GB/products/315355490,https://digitalcontent.api.tesco.com/v2/media/ghs/2f062459-2d01-4755-9a4e-a0ef5b2e0d53/2fa87429-0f7f-4399-916e-ea24a159c7ff_43981897.jpeg?h=225&w=225,Food Cupboard,"Dried Pasta, Rice, Noodles & Cous Cous"
315389524,Blue Dragon Fine Egg Noodles 250g,£1.50,£6.00/kg,£1.25 Clubcard Price,(£5.00/kg),True,Offer valid for delivery from 31/03/2025 until 21/04/2025,False,,,False,https://www.tesco.com/groceries/en-GB/products/315389524,https://digitalcontent.api.tesco.com/v2/media/ghs/646967c4-2982-4e84-a51a-a7bba2893e35/64b533f9-cfe9-4da4-ae73-ef6b0f1b1359_1892544744.jpeg?h=225&w=225,Food Cupboard,"Dried Pasta, Rice, Noodles & Cous Cous"
315389357,Blue Dragon Wholewheat Noodles 250g,£1.50,£6.00/kg,£1.25 Clubcard Price,(£5.00/kg),True,Offer valid for delivery from 31/03/2025 until 21/04/2025,False,3.6,5,False,https://www.tesco.com/groceries/en-GB/products/315389357,https://digitalcontent.api.tesco.com/v2/media/ghs/a01cc8d0-ce14-44cf-a511-5f9195a2cdf8/1d0253bf-5764-46a5-ac47-dabd14e3725a_324791642.jpeg?h=225&w=225,Food Cupboard,"Dried Pasta, Rice, Noodles & Cous Cous"
321656845,"Merchant Gourmet Garlic, Ginger & Soy Rice 250g",£2.00,£8.00/kg,,,False,,False,,,False,https://www.tesco.com/groceries/en-GB/products/321656845,https://digitalcontent.api.tesco.com/v2/media/ghs/10a5e6f4-e02e-4515-8aa7-f91fd052822e/f17c6758-fe8d-4770-9f7a-1cb34ed7e26b_1660624201.jpeg?h=225&w=225,Food Cupboard,"Dried Pasta, Rice, Noodles & Cous Cous"
321674990,Merchant Gourmet Tricolour Jasmine Rice 250g,£2.00,£8.00/kg,,,False,,False,,,False,https://www.tesco.com/groceries/en-GB/products/321674990,https://digitalcontent.api.tesco.com/v2/media/ghs/08f359f6-3a5e-4255-bdba-357df9610614/1dab41f9-6041-406f-bd9f-141f94ff0369_738011587.jpeg?h=225&w=225,Food Cupboard,"Dried Pasta, Rice, Noodles & Cous Cous"
315362515,Sharwood's Medium Egg Noodles 226g,£2.00,£8.85/kg,,,False,,False,4.6,89,False,https://www.tesco.com/groceries/en-GB/products/315362515,https://digitalcontent.api.tesco.com/v2/media/ghs/5e225f67-5ddc-4296-90e6-8646017ab423/35c80ac9-2391-4c0f-9af3-2ab98715f98b_1839424845.jpeg?h=225&w=225,Food Cupboard,"Dried Pasta, Rice, Noodles & Cous Cous"
315352314,Sharwood's Fine Egg Noodles 226g,£2.00,£8.85/kg,,,False,,False,4.7,109,False,https://www.tesco.com/groceries/en-GB/products/315352314,https://digitalcontent.api.tesco.com/v2/media/ghs/4914e0cf-5eed-420a-911b-d65de130c9d9/c75d66bf-e244-4d0b-b317-80cf84a04d7b_1474607893.jpeg?h=225&w=225,Food Cupboard,"Dried Pasta, Rice, Noodles & Cous Cous"
312110462,Growers Harvest Microwave Pilau Rice 250Ml,£0.49,£1.96/kg,,,False,,False,3.4,16,False,https://www.tesco.com/groceries/en-GB/products/312110462,https://digitalcontent.api.tesco.com/v2/media/ghs/bd267a7e-2d36-4101-81b9-ff2ffc2da35a/08657d14-ed0a-4894-abe6-99876350be7a_1713228882.jpeg?h=225&w=225,Food Cupboard,"Dried Pasta, Rice, Noodles & Cous Cous"
292048088,Heinz Seriously Good Mayonnaise 775G,£3.40,£0.44/100g,£3.00 Clubcard Price,(£0.39/100g),True,Offer valid for delivery from 31/03/2025 until 21/04/2025,False,4.3,96,True,https://www.tesco.com/groceries/en-GB/products/292048088,https://digitalcontent.api.tesco.com/v2/media/ghs/09d1a21d-4c03-47e3-b702-1178956c670c/af1b42e9-735d-4ae6-9ede-ff8ac1804e29_2103211405.jpeg?h=225&w=225,Food Cupboard,"Table Sauces, Olives, Pickles & Chutney"
292052785,Heinz Seriously Good Light Mayonnaise 815g,£3.40,£0.42/100g,£3.00 Clubcard Price,(£0.37/100g),True,Offer valid for delivery from 31/03/2025 until 21/04/2025,False,4.5,72,True,https://www.tesco.com/groceries/en-GB/products/292052785,https://digitalcontent.api.tesco.com/v2/media/ghs/bd92052d-00c8-41fc-b84d-becabfbbb870/1990b6a3-44aa-4036-8b6e-f2fac9b00eeb_1225214631.jpeg?h=225&w=225,Food Cupboard,"Table Sauces, Olives, Pickles & Chutney"
296219773,Heinz Tomato Ketchup Less Salt & Sugar 665G,£3.61,£0.54/100g,Any 2 for £6 Clubcard Price - Selected Heinz Sauce,,True,Offer valid for delivery from 10/04/2025 until 29/04/2025,False,4.6,9,True,https://www.tesco.com/groceries/en-GB/products/296219773,https://digitalcontent.api.tesco.com/v2/media/ghs/efdb8a78-c6df-415b-bad4-f750382e9ac7/8d583e33-4ecd-43be-b630-66ae8924689d_1700458591.jpeg?h=225&w=225,Food Cupboard,"Table Sauces, Olives, Pickles & Chutney"
251776273,Garners Original Pickled Onions 454G,£3.90,£1.70/100g DR.WT,£3.40 Clubcard Price,(£1.48/100g DR.WT),True,Offer valid for delivery from 16/04/2025 until 13/05/2025,False,3.2,22,False,https://www.tesco.com/groceries/en-GB/products/251776273,https://digitalcontent.api.tesco.com/v2/media/ghs/163b3ffe-43b4-48f0-82e9-268bd6f75168/98ccbb5d-d99c-44a9-ae1a-8ff2e42c6b6e_1558960247.jpeg?h=225&w=225,Food Cupboard,"Table Sauces, Olives, Pickles & Chutney"
266573311,Hellmann's Real Mayonnaise Squeezy 750ml,£3.40,£0.45/100ml,,,False,,False,4.1,375,False,https://www.tesco.com/groceries/en-GB/products/266573311,https://digitalcontent.api.tesco.com/v2/media/ghs/03732922-4c9a-48f7-b382-588b8029dc2c/9618ce70-a36b-4b49-858f-e5c88457dc95_103021262.jpeg?h=225&w=225,Food Cupboard,"Table Sauces, Olives, Pickles & Chutney"
266573328,Hellmann's Light Mayonnaise Squeezy 750ml,£3.40,£0.45/100ml,,,False,,False,4.5,405,False,https://www.tesco.com/groceries/en-GB/products/266573328,https://digitalcontent.api.tesco.com/v2/media/ghs/59f104fb-aa39-469e-93e6-efa603187208/f70849b2-25d3-44fe-bea0-28b2317a96fc_786538554.jpeg?h=225&w=225,Food Cupboard,"Table Sauces, Olives, Pickles & Chutney"
254722768,Heinz Top Down Squeezy Tomato Ketchup Sauce 910,£4.50,£0.50/100g,£3.80 Clubcard Price,(£0.42/100g),True,Offer valid for delivery from 08/03/2025 until 21/04/2025,False,4.5,198,False,https://www.tesco.com/groceries/en-GB/products/254722768,https://digitalcontent.api.tesco.com/v2/media/ghs/7d5e6830-f014-46d0-87eb-440ab6458d9a/dabdcba8-9e1d-4712-9149-7da7c7fa7a01_2002957469.jpeg?h=225&w=225,Food Cupboard,"Table Sauces, Olives, Pickles & Chutney"
261507134,HP Brown Sauce 450g,£3.40,£0.76/100g,,,False,,False,4.4,135,False,https://www.tesco.com/groceries/en-GB/products/261507134,https://digitalcontent.api.tesco.com/v2/media/ghs/c56ad311-cac6-4183-bb59-b4ee3db17edd/d2120700-8a6b-4514-8f08-bff035bb3255_655067429.jpeg?h=225&w=225,Food Cupboard,"Table Sauces, Olives, Pickles & Chutney"
254298768,Maggi Authentic Indian Masala Chilli Sauce 400g,£2.30,£0.58/100g,,,False,,False,3.7,3,False,https://www.tesco.com/groceries/en-GB/products/254298768,https://digitalcontent.api.tesco.com/v2/media/ghs/8aeb8d12-365f-4548-a9a9-897955a21606/aba4d6a1-7bc2-4038-9d21-8b70e55d2e31_2070967728.jpeg?h=225&w=225,Food Cupboard,"Table Sauces, Olives, Pickles & Chutney"
309496256,Branston Piccalilli 360G,£2.20,£0.61/100g,,,False,,False,4.2,36,False,https://www.tesco.com/groceries/en-GB/products/309496256,https://digitalcontent.api.tesco.com/v2/media/ghs/048c14b0-79ae-4859-b45d-e841efb79417/85d5c07e-4cc7-4674-a6f4-ce2621a035d2_1219699007.jpeg?h=225&w=225,Food Cupboard,"Table Sauces, Olives, Pickles & Chutney"
250181618,Heinz Top Down Squeezy Tomato Ketchup Sauce 700G,£3.65,£0.52/100g,Any 2 for £6 Clubcard Price - Selected Heinz Sauce,,True,Offer valid for delivery from 10/04/2025 until 29/04/2025,False,4.5,196,False,https://www.tesco.com/groceries/en-GB/products/250181618,https://digitalcontent.api.tesco.com/v2/media/ghs/38a45554-6bc3-40a4-9748-8f93654fbaac/37a8a3e3-f3f9-40dc-9f39-5a6e81e17b04_1478427385.jpeg?h=225&w=225,Food Cupboard,"Table Sauces, Olives, Pickles & Chutney"
288514602,Heinz Salad Cream 425G,£3.00,£0.71/100g,,,False,,False,4.3,174,False,https://www.tesco.com/groceries/en-GB/products/288514602,https://digitalcontent.api.tesco.com/v2/media/ghs/343b8c3f-f04e-45ce-9b47-65a4a1e7e400/5ac905a7-d84a-4e77-a69c-4b3b93b853cb_2010892910.jpeg?h=225&w=225,Food Cupboard,"Table Sauces, Olives, Pickles & Chutney"
289013681,Tesco Finest Red Onion Chutney 230G,£1.85,£0.80/100g,,,False,,False,4.1,55,False,https://www.tesco.com/groceries/en-GB/products/289013681,https://digitalcontent.api.tesco.com/v2/media/ghs/0fca257d-c3b3-4917-85a6-4bebfeb26394/2e1db594-35c1-465d-a78a-691556cc94e3.jpeg?h=225&w=225,Food Cupboard,"Table Sauces, Olives, Pickles & Chutney"
280068422,Tesco Mini Cornichons 340G,£1.45,£0.76/100g DR.WT,,,False,,False,,44,False,https://www.tesco.com/groceries/en-GB/products/280068422,https://digitalcontent.api.tesco.com/v2/media/ghs/04953f27-90cd-436b-aeca-317405b2b680/214797d8-df36-4fe0-ac62-9c7745b53e88_235843113.jpeg?h=225&w=225,Food Cupboard,"Table Sauces, Olives, Pickles & Chutney"
256633210,Branston Small Chunk Pickle 360G,£2.10,£0.58/100g,,,False,,False,4.4,51,False,https://www.tesco.com/groceries/en-GB/products/256633210,https://digitalcontent.api.tesco.com/v2/media/ghs/9af07c7f-4a76-4bcc-b00e-850e9e46a99a/9becdc6c-06b1-4f77-9f1a-87113456b19a_344537120.jpeg?h=225&w=225,Food Cupboard,"Table Sauces, Olives, Pickles & Chutney"
256633636,Branston Small Chunk Pickle 720G,£2.80,£0.39/100g,,,False,,False,4.6,14,False,https://www.tesco.com/groceries/en-GB/products/256633636,https://digitalcontent.api.tesco.com/v2/media/ghs/266abece-91f5-4ac3-9252-6a21e9b2b7e0/69cf7287-8dc1-4301-8061-ed6233316ec9_158743662.jpeg?h=225&w=225,Food Cupboard,"Table Sauces, Olives, Pickles & Chutney"
256632804,Branston Pickle 720G,£2.80,£0.39/100g,,,False,,False,4.6,12,False,https://www.tesco.com/groceries/en-GB/products/256632804,https://digitalcontent.api.tesco.com/v2/media/ghs/f50c4b72-64a2-4c74-b434-9677a33dde1b/dbad8efd-cf7a-452d-9ef4-6803b4fd3015_1126147151.jpeg?h=225&w=225,Food Cupboard,"Table Sauces, Olives, Pickles & Chutney"
264365273,Hellmann's Real Mayonnaise Squeezy 430ml,£2.50,£0.58/100ml,£2.00 Clubcard Price,(£0.46/100ml),True,Offer valid for delivery from 16/04/2025 until 29/04/2025,False,4.1,371,False,https://www.tesco.com/groceries/en-GB/products/264365273,https://digitalcontent.api.tesco.com/v2/media/ghs/0fa387b0-4f23-445c-a4e1-0fe080c734eb/56d4709d-810a-49f6-b8b4-95270f5381a4_845865181.jpeg?h=225&w=225,Food Cupboard,"Table Sauces, Olives, Pickles & Chutney"
250167878,Heinz Top Down Squeezy Tomato Ketchup Sauce 460G,£3.00,£0.65/100g,,,False,,False,4.4,209,False,https://www.tesco.com/groceries/en-GB/products/250167878,https://digitalcontent.api.tesco.com/v2/media/ghs/b19b2568-16d3-4b53-9fc8-bd2f245f4f3e/29fa5584-ec98-468a-9385-ba6e25669651_1138395233.jpeg?h=225&w=225,Food Cupboard,"Table Sauces, Olives, Pickles & Chutney"
305431000,Tesco Salad Cream 450Ml,£1.40,£0.31/100ml,,,False,,False,,72,False,https://www.tesco.com/groceries/en-GB/products/305431000,https://digitalcontent.api.tesco.com/v2/media/ghs/b53c8f33-8498-4eb4-9d70-69ca43094f56/4341e184-f94f-44f2-93a8-ec6b96ab020d_1745844311.jpeg?h=225&w=225,Food Cupboard,"Table Sauces, Olives, Pickles & Chutney"
296186862,Colman's Mint Sauce 165G,£1.70,£1.03/100g,£1.20 Clubcard Price,(£0.73/100g),True,Offer valid for delivery from 28/03/2025 until 22/04/2025,False,4.3,55,False,https://www.tesco.com/groceries/en-GB/products/296186862,https://digitalcontent.api.tesco.com/v2/media/ghs/55a61183-71d7-451f-a793-38ecf7a41a17/08a2728a-4a1d-45e5-b2fe-1b1bda110c43_502809669.jpeg?h=225&w=225,Food Cupboard,"Table Sauces, Olives, Pickles & Chutney"
296186827,Colman's Bramley Apple Sauce 155G,£1.70,£1.10/100g,£1.20 Clubcard Price,(£0.77/100g),True,Offer valid for delivery from 28/03/2025 until 22/04/2025,False,4.2,48,False,https://www.tesco.com/groceries/en-GB/products/296186827,https://digitalcontent.api.tesco.com/v2/media/ghs/1c705b77-7a72-4790-93b3-d72196c2faae/3454ba17-74db-45c2-b028-34b7c500cd27_1086057269.jpeg?h=225&w=225,Food Cupboard,"Table Sauces, Olives, Pickles & Chutney"
296186885,Colman's Tartare Sauce 144G,£1.70,£1.18/100g,£1.20 Clubcard Price,(£0.83/100g),True,Offer valid for delivery from 28/03/2025 until 22/04/2025,False,4.2,54,False,https://www.tesco.com/groceries/en-GB/products/296186885,https://digitalcontent.api.tesco.com/v2/media/ghs/cd62eeb2-2564-4618-8b26-e616b62a8e03/919a744b-efee-4fa2-89b9-a76eccd2a91b_1896868262.jpeg?h=225&w=225,Food Cupboard,"Table Sauces, Olives, Pickles & Chutney"
296186840,Colman's Seafood Sauce 155G,£1.70,£1.10/100g,£1.20 Clubcard Price,(£0.77/100g),True,Offer valid for delivery from 28/03/2025 until 22/04/2025,False,4.6,55,False,https://www.tesco.com/groceries/en-GB/products/296186840,https://digitalcontent.api.tesco.com/v2/media/ghs/9967dbb5-45cb-4395-868a-52f21b9c47fc/b70fdf14-561f-4ac3-addf-87ff2cbf88d3_497530609.jpeg?h=225&w=225,Food Cupboard,"Table Sauces, Olives, Pickles & Chutney"
296186804,Colman's Horseradish Sauce 136G,£1.70,£1.25/100g,£1.20 Clubcard Price,(£0.88/100g),True,Offer valid for delivery from 28/03/2025 until 22/04/2025,False,4.4,58,False,https://www.tesco.com/groceries/en-GB/products/296186804,https://digitalcontent.api.tesco.com/v2/media/ghs/fc4dde4f-6bf8-4073-b8bc-509f6233fd53/96a658ec-58a2-4540-ab4d-022ecd65ca2d_1558642478.jpeg?h=225&w=225,Food Cupboard,"Table Sauces, Olives, Pickles & Chutney"
254887027,Colman's Original English Mustard Jar 100G,,,£1.00 Clubcard Price,(£1.00/100g),True,Offer valid for delivery from 26/02/2025 until 22/04/2025,False,3.9,91,False,https://www.tesco.com/groceries/en-GB/products/254887027,https://digitalcontent.api.tesco.com/v2/media/ghs/0dfbaed6-7ceb-4616-a909-3e1e7f091d2f/6a9b245a-14e1-48aa-8f88-98bbfc09a4d5_1777939370.jpeg?h=225&w=225,Food Cupboard,"Table Sauces, Olives, Pickles & Chutney"
275681244,Tesco Pickled Red Cabbage 340G,£1.10,£0.70/100g DR.WT,,,False,,False,3.5,44,False,https://www.tesco.com/groceries/en-GB/products/275681244,https://digitalcontent.api.tesco.com/v2/media/ghs/fbfc4fe3-39dc-4c07-b908-753258bd49b2/bf9009d1-27ad-4357-ab87-e96f8fb10ab2_52998035.jpeg?h=225&w=225,Food Cupboard,"Table Sauces, Olives, Pickles & Chutney"
255055901,Baxters Baby Beetroot 567G,£2.25,£0.55/100g DR.WT,£1.60 Clubcard Price,(£0.39/100g DR.WT),True,Offer valid for delivery from 17/03/2025 until 29/04/2025,False,2.9,20,False,https://www.tesco.com/groceries/en-GB/products/255055901,https://digitalcontent.api.tesco.com/v2/media/ghs/af295784-a05e-4ccb-932d-4f925d74edbb/37390f52-267b-433b-864a-b900e30931d3_1748349684.jpeg?h=225&w=225,Food Cupboard,"Table Sauces, Olives, Pickles & Chutney"
314601788,Tesco Mint Jelly 220g,£1.30,£0.59/100g,,,False,,False,3.2,5,False,https://www.tesco.com/groceries/en-GB/products/314601788,https://digitalcontent.api.tesco.com/v2/media/ghs/89f0f72f-1127-4740-a675-9b9be32a4d7f/3ef0e848-49c0-4bca-9fc6-cf1daeb43c39_13379048.jpeg?h=225&w=225,Food Cupboard,"Table Sauces, Olives, Pickles & Chutney"
302903904,Tesco Sweet Piccalilli 350G,£1.30,£0.37/100g,,,False,,False,,60,False,https://www.tesco.com/groceries/en-GB/products/302903904,https://digitalcontent.api.tesco.com/v2/media/ghs/654a0923-0407-43d8-820e-6c2122c0a8ab/256a3ccb-6919-40a8-904f-5e5437d5ea85_167467644.jpeg?h=225&w=225,Food Cupboard,"Table Sauces, Olives, Pickles & Chutney"
253375738,Tesco Pitted Black Olives 330G,£1.20,£0.74/100g DR.WT,,,False,,False,4.5,49,False,https://www.tesco.com/groceries/en-GB/products/253375738,https://digitalcontent.api.tesco.com/v2/media/ghs/904c8de2-1f83-4cc3-8937-27694a97c007/339e63f0-511d-4ea4-82db-0048af0799a4_885922449.jpeg?h=225&w=225,Food Cupboard,"Table Sauces, Olives, Pickles & Chutney"
258251520,Tesco Pitted Green Olives In Brine 340G,£1.20,£0.74/100g DR.WT,,,False,,False,4.7,45,False,https://www.tesco.com/groceries/en-GB/products/258251520,https://digitalcontent.api.tesco.com/v2/media/ghs/0680bc74-57dc-4698-a034-3191834c401a/c1f551f3-4bc0-4cd9-a596-289a8aaf44a0_1129981970.jpeg?h=225&w=225,Food Cupboard,"Table Sauces, Olives, Pickles & Chutney"
254885346,Tesco Pickled Sliced Beetroot 340G,£0.95,£0.44/100g DR.WT,,,False,,False,3.4,46,False,https://www.tesco.com/groceries/en-GB/products/254885346,https://digitalcontent.api.tesco.com/v2/media/ghs/c7a91bbf-df93-41fc-bdf4-2bbe2938496a/93e039c5-c5a4-40b2-b596-59b7d4b43efa_1962192709.jpeg?h=225&w=225,Food Cupboard,"Table Sauces, Olives, Pickles & Chutney"
264876866,Tesco Tartare Sauce 175G,£0.90,£0.51/100g,,,False,,False,3.5,73,False,https://www.tesco.com/groceries/en-GB/products/264876866,https://digitalcontent.api.tesco.com/v2/media/ghs/f40d5877-6b62-4195-b164-06793260cccf/d97b1fb3-113f-48fe-b819-f981ddff53ae_1954290874.jpeg?h=225&w=225,Food Cupboard,"Table Sauces, Olives, Pickles & Chutney"
305253723,Tesco Seafood Sauce 250Ml,£0.90,£0.36/100ml,,,False,,False,3.5,56,False,https://www.tesco.com/groceries/en-GB/products/305253723,https://digitalcontent.api.tesco.com/v2/media/ghs/9bb7a051-0e94-4657-ae48-875f00ed015e/1c22f42f-7e4d-48e2-a236-9d2672a41974_911905380.jpeg?h=225&w=225,Food Cupboard,"Table Sauces, Olives, Pickles & Chutney"
256993290,Tesco Mint Sauce 185G,£0.90,£0.49/100g,,,False,,False,,59,False,https://www.tesco.com/groceries/en-GB/products/256993290,https://digitalcontent.api.tesco.com/v2/media/ghs/c1a786c0-e400-4dc2-bb2e-14dc7867b9f3/51fdaad9-648b-4fce-96b0-363570fc0448_1604001745.jpeg?h=225&w=225,Food Cupboard,"Table Sauces, Olives, Pickles & Chutney"
256039804,Tesco Pickled Silverskin Onions 440G,£1.00,£0.46/100g DR.WT,,,False,,False,4.6,86,False,https://www.tesco.com/groceries/en-GB/products/256039804,https://digitalcontent.api.tesco.com/v2/media/ghs/32e51582-f201-4346-a58f-be146ef86966/c0630155-c91d-4c5d-9b74-6365bc6f3264_1737014654.jpeg?h=225&w=225,Food Cupboard,"Table Sauces, Olives, Pickles & Chutney"
280068606,Tesco Whole Pickled Gherkins 680G,£1.15,£0.31/100g DR.WT,,,False,,False,3.4,47,False,https://www.tesco.com/groceries/en-GB/products/280068606,https://digitalcontent.api.tesco.com/v2/media/ghs/82cc113a-d5c2-4b42-b0e7-768fca0a17b9/fc050518-3b18-456b-8ed2-c9430c97412b_807422631.jpeg?h=225&w=225,Food Cupboard,"Table Sauces, Olives, Pickles & Chutney"
263625653,Tesco Mango Chutney 230G,£0.95,£0.41/100g,,,False,,False,3.7,67,False,https://www.tesco.com/groceries/en-GB/products/263625653,https://digitalcontent.api.tesco.com/v2/media/ghs/41deb54a-f838-429c-a0ba-c6eeeb64bab8/2f7d2db0-0c04-4abb-9a4e-a1f58c720541_1644496508.jpeg?h=225&w=225,Food Cupboard,"Table Sauces, Olives, Pickles & Chutney"
305834749,Tesco Tomato Ketchup 555G,£1.00,£0.18/100g,,,False,,False,2.6,64,False,https://www.tesco.com/groceries/en-GB/products/305834749,https://digitalcontent.api.tesco.com/v2/media/ghs/a733ccd3-728a-4741-87f3-720adb3bc2a9/0e33add6-820a-4fa3-8d7e-497a30055955_699255810.jpeg?h=225&w=225,Food Cupboard,"Table Sauces, Olives, Pickles & Chutney"
305831840,Tesco Tomato Ketchup 890G,£1.35,£0.15/100g,,,False,,False,2.5,89,False,https://www.tesco.com/groceries/en-GB/products/305831840,https://digitalcontent.api.tesco.com/v2/media/ghs/12180a1c-ad1c-498a-bccf-95d951186fbc/77831e3b-e492-45ec-8435-3c5ee90eb0b7_1871472586.jpeg?h=225&w=225,Food Cupboard,"Table Sauces, Olives, Pickles & Chutney"
256039194,Tesco Traditional Pickled Onions 440G,£1.00,£0.44/100g DR.WT,,,False,,False,2.2,46,False,https://www.tesco.com/groceries/en-GB/products/256039194,https://digitalcontent.api.tesco.com/v2/media/ghs/6d5e7461-fc78-44b8-97b7-a91fdfd1cf41/385da0c5-822f-4801-b62e-72b577b01193_1596745846.jpeg?h=225&w=225,Food Cupboard,"Table Sauces, Olives, Pickles & Chutney"
257471969,Tesco Bramley Apple Sauce 270G,£0.90,£0.33/100g,,,False,,False,3.8,83,False,https://www.tesco.com/groceries/en-GB/products/257471969,https://digitalcontent.api.tesco.com/v2/media/ghs/04ae15a4-ae62-4259-bfb0-b934593acd4e/f62c1a15-8dbf-450e-a721-7224d9980923_1403662171.jpeg?h=225&w=225,Food Cupboard,"Table Sauces, Olives, Pickles & Chutney"
305835398,Stockwell & Co Tomato Ketchup 540G,£0.86,£0.16/100g,,,False,,False,,54,False,https://www.tesco.com/groceries/en-GB/products/305835398,https://digitalcontent.api.tesco.com/v2/media/ghs/a3c42be9-79c7-4104-94bc-b3b098dc3114/23a6a0e6-c0a6-478e-b62f-3313aa102d3a_1176744583.jpeg?h=225&w=225,Food Cupboard,"Table Sauces, Olives, Pickles & Chutney"
260691779,Tesco Wholegrain Mustard 180G,£0.59,£0.33/100g,,,False,,False,,42,False,https://www.tesco.com/groceries/en-GB/products/260691779,https://digitalcontent.api.tesco.com/v2/media/ghs/84aec41e-1b31-4e87-a404-50b7d614e1ab/adb47186-9c3f-4a0e-9da5-31d239af8e84_616064188.jpeg?h=225&w=225,Food Cupboard,"Table Sauces, Olives, Pickles & Chutney"
309197604,Tesco Mayonnaise 500Ml,£0.99,£0.20/100ml,,,False,,False,4.3,57,False,https://www.tesco.com/groceries/en-GB/products/309197604,https://digitalcontent.api.tesco.com/v2/media/ghs/868d5265-58c2-46b3-98dc-b8fdcaff07f8/daf2f60f-6d28-4eb3-8aa1-294aa5b63646_1566415022.jpeg?h=225&w=225,Food Cupboard,"Table Sauces, Olives, Pickles & Chutney"
260691710,Tesco Dijon Mustard 185G,£0.59,£0.32/100g,,,False,,False,3.6,52,False,https://www.tesco.com/groceries/en-GB/products/260691710,https://digitalcontent.api.tesco.com/v2/media/ghs/760748a7-e903-4d54-93a0-4aaa0da21595/5cdc1542-4a4a-481e-9114-e526208cf812_2037743737.jpeg?h=225&w=225,Food Cupboard,"Table Sauces, Olives, Pickles & Chutney"
289707952,Tesco Cranberry Sauce 200G,£0.55,£0.28/100g,,,False,,False,4.7,56,False,https://www.tesco.com/groceries/en-GB/products/289707952,https://digitalcontent.api.tesco.com/v2/media/ghs/7cdfdfce-ffd8-457b-8100-7ceebb6a7fe4/b8ecc0ac-046a-43f0-bb4e-eb9f7f4691d4_1733288735.jpeg?h=225&w=225,Food Cupboard,"Table Sauces, Olives, Pickles & Chutney"
265335941,Tesco Sun Dried Tomatoes 285G,£3.00,£2.07/100g DR.WT,,,False,,False,,23,False,https://www.tesco.com/groceries/en-GB/products/265335941,https://digitalcontent.api.tesco.com/v2/media/ghs/bf48d313-cabd-440e-ad1a-f4741a21ce67/4ebd0114-76d9-4c4b-876b-7c7bf9280b3d_1698118086.jpeg?h=225&w=225,Food Cupboard,"Table Sauces, Olives, Pickles & Chutney"
252298658,Sharwoods Green Label Mango Chutney 530G,£3.50,£0.66/100g,,,False,,False,4.4,59,False,https://www.tesco.com/groceries/en-GB/products/252298658,https://digitalcontent.api.tesco.com/v2/media/ghs/665b56c0-6723-4de5-9e44-1e77b890a39a/7e394df5-4a7e-4937-b946-f6a2606473fb_427067550.jpeg?h=225&w=225,Food Cupboard,"Table Sauces, Olives, Pickles & Chutney"
250858535,Maille Dijon Original Mustard 215G,£3.00,£1.40/100g,,,False,,False,4.6,41,False,https://www.tesco.com/groceries/en-GB/products/250858535,https://digitalcontent.api.tesco.com/v2/media/ghs/4269ff84-2ae9-4a3b-a55f-00a9c3e4966f/67fd13b6-adfd-497f-bf88-40b685ca7dd5_353376693.jpeg?h=225&w=225,Food Cupboard,"Table Sauces, Olives, Pickles & Chutney"
303731541,Heinz Seriously Good Mayonnaise 540g,£2.90,£0.54/100g,,,False,,False,4.8,55,False,https://www.tesco.com/groceries/en-GB/products/303731541,https://digitalcontent.api.tesco.com/v2/media/ghs/038331d0-01d5-44fc-bed3-8b2346400ffc/9ed557d6-3923-45a1-a78c-8a30e17f312d_1564876588.jpeg?h=225&w=225,Food Cupboard,"Table Sauces, Olives, Pickles & Chutney"
292052785,Heinz Seriously Good Light Mayonnaise 815g,£3.40,£0.42/100g,£3.00 Clubcard Price,(£0.37/100g),True,Offer valid for delivery from 31/03/2025 until 21/04/2025,False,4.5,72,False,https://www.tesco.com/groceries/en-GB/products/292052785,https://digitalcontent.api.tesco.com/v2/media/ghs/bd92052d-00c8-41fc-b84d-becabfbbb870/1990b6a3-44aa-4036-8b6e-f2fac9b00eeb_1225214631.jpeg?h=225&w=225,Food Cupboard,"Table Sauces, Olives, Pickles & Chutney"
285634113,Tesco Capers 190G,£2.20,£1.83/100g DR.WT,,,False,,False,4.1,33,False,https://www.tesco.com/groceries/en-GB/products/285634113,https://digitalcontent.api.tesco.com/v2/media/ghs/9a42529f-9f43-4026-beab-34e09f0e6ffa/3267013d-ce72-451c-9133-1b04ab7111f7_2107446330.jpeg?h=225&w=225,Food Cupboard,"Table Sauces, Olives, Pickles & Chutney"
298011813,Heinz 50% Less Salt & Sugar Tomato Ketchup 880g,£4.50,£0.51/100g,£3.80 Clubcard Price,(£0.43/100g),True,Offer valid for delivery from 08/03/2025 until 21/04/2025,False,4.3,61,False,https://www.tesco.com/groceries/en-GB/products/298011813,https://digitalcontent.api.tesco.com/v2/media/ghs/21c07298-6896-43bc-9b83-ec6e6a17765c/414c31ec-70ca-4f65-83f8-8f8aacad33d6_429183131.jpeg?h=225&w=225,Food Cupboard,"Table Sauces, Olives, Pickles & Chutney"
250414393,Opies Cocktail Cherries Maraschino 225G,£2.20,£1.76/100g DR.WT,,,False,,False,4.2,5,False,https://www.tesco.com/groceries/en-GB/products/250414393,https://digitalcontent.api.tesco.com/v2/media/ghs/4a162d3d-5ec2-4706-bdda-874b973a58f7/ecf98d47-81c2-4cec-9b46-d347d1edaedc_307331255.jpeg?h=225&w=225,Food Cupboard,"Table Sauces, Olives, Pickles & Chutney"
272781689,Heinz Classic Barbecue Sauce 480G,£3.00,£0.62/100g,,,False,,False,4.8,71,False,https://www.tesco.com/groceries/en-GB/products/272781689,https://digitalcontent.api.tesco.com/v2/media/ghs/f803bab3-7282-4d79-9d41-05da27c51c45/5d217fb6-d4e3-4727-b0fd-ca9edfa43c7a_1720113466.jpeg?h=225&w=225,Food Cupboard,"Table Sauces, Olives, Pickles & Chutney"
264876970,Tesco Finest Horseradish Sauce 170G,£1.80,£1.06/100g,,,False,,False,4.2,46,False,https://www.tesco.com/groceries/en-GB/products/264876970,https://digitalcontent.api.tesco.com/v2/media/ghs/32283c36-0f87-4f9e-aeb8-9d6e9054ce16/2f1b23a2-bdc6-483a-9b08-61e764e4a3a0_1961921615.jpeg?h=225&w=225,Food Cupboard,"Table Sauces, Olives, Pickles & Chutney"
283354292,HP Brown Sauce 600G,£3.90,£0.65/100g,Any 2 for £6 Clubcard Price - Selected Heinz Sauce,,True,Offer valid for delivery from 10/04/2025 until 29/04/2025,False,4.4,134,False,https://www.tesco.com/groceries/en-GB/products/283354292,https://digitalcontent.api.tesco.com/v2/media/ghs/938abf17-88df-44a5-85f2-2daec236383d/8dda857c-186c-4bc2-80e4-86cdf3eebc6b_2062680918.jpeg?h=225&w=225,Food Cupboard,"Table Sauces, Olives, Pickles & Chutney"
254886938,Tesco Redcurrant Jelly 340G,£1.85,£0.54/100g,,,False,,False,4.8,29,False,https://www.tesco.com/groceries/en-GB/products/254886938,https://digitalcontent.api.tesco.com/v2/media/ghs/65123529-b97e-446d-9977-bdd2dc44a87f/e7d7bd67-d173-4802-ade4-f2b2dd5538d1_958422489.jpeg?h=225&w=225,Food Cupboard,"Table Sauces, Olives, Pickles & Chutney"
287873903,Tiptree Caramelised Red Onion Chutney 220G,£2.60,£1.18/100g,,,False,,False,3.8,13,False,https://www.tesco.com/groceries/en-GB/products/287873903,https://digitalcontent.api.tesco.com/v2/media/ghs/d906228d-81b2-4c54-af43-c25971e0707e/e40e19e1-b1ab-4af6-9c8f-042c3798c96b_1309100796.jpeg?h=225&w=225,Food Cupboard,"Table Sauces, Olives, Pickles & Chutney"
254887033,Colman's Original English Mustard Jar 170G,£2.00,£1.18/100g,,,False,,False,,96,False,https://www.tesco.com/groceries/en-GB/products/254887033,https://digitalcontent.api.tesco.com/v2/media/ghs/8f511f18-62f1-4baf-91ee-0a76fc9e598d/e77bb04a-14a6-446b-bf9b-2456284fa73c_1908206363.jpeg?h=225&w=225,Food Cupboard,"Table Sauces, Olives, Pickles & Chutney"
307141461,Tesco Finest Spiced Apple & Pear Chutney 220G,£1.85,£0.84/100g,,,False,,False,4.7,51,False,https://www.tesco.com/groceries/en-GB/products/307141461,https://digitalcontent.api.tesco.com/v2/media/ghs/7da406d4-bf70-4682-b6dc-aaed9617cd16/44fa45ae-71ff-4e21-8e80-c306b2fb61c6_113696497.jpeg?h=225&w=225,Food Cupboard,"Table Sauces, Olives, Pickles & Chutney"
250179584,Lea & Perrins Worcestershire Sauce 290Ml,£3.30,£1.14/100ml,,,False,,False,4.1,29,False,https://www.tesco.com/groceries/en-GB/products/250179584,https://digitalcontent.api.tesco.com/v2/media/ghs/760172cd-b4c4-4bde-b9df-1805f57e8551/2fc6b992-a8f1-4210-99ed-eef052d74f80_614434589.jpeg?h=225&w=225,Food Cupboard,"Table Sauces, Olives, Pickles & Chutney"
300793097,Heinz Salad Cream 605G,£3.08,£0.51/100g,Any 2 for £6 Clubcard Price - Selected Heinz Sauce,,True,Offer valid for delivery from 10/04/2025 until 29/04/2025,False,4.3,177,False,https://www.tesco.com/groceries/en-GB/products/300793097,https://digitalcontent.api.tesco.com/v2/media/ghs/448668aa-f51e-42c2-b9c4-da40f4de634a/158240fc-134b-49a0-8c8e-c02d5d69bee5_1003131896.jpeg?h=225&w=225,Food Cupboard,"Table Sauces, Olives, Pickles & Chutney"
254884606,Hellmann's Real Mayonnaise Jar 400g,£2.80,£0.70/100g,,,False,,False,4.2,358,False,https://www.tesco.com/groceries/en-GB/products/254884606,https://digitalcontent.api.tesco.com/v2/media/ghs/1d7d559b-41c4-4f0e-97ac-0a5fb6468fea/35794fab-8fcf-44ee-a785-a487e40f3c1b_1615727317.jpeg?h=225&w=225,Food Cupboard,"Table Sauces, Olives, Pickles & Chutney"
305042610,Tesco Finest Sweet Tomato & Birds Eye Chilli Chutney 220G,£1.85,£0.84/100g,,,False,,False,4.4,43,False,https://www.tesco.com/groceries/en-GB/products/305042610,https://digitalcontent.api.tesco.com/v2/media/ghs/cbe3275f-7f4b-4c5a-ad15-a17cc1bd3e23/b1536f7f-0a06-4f83-8ddd-57081755ac05_1832556373.jpeg?h=225&w=225,Food Cupboard,"Table Sauces, Olives, Pickles & Chutney"
256632303,Branston Pickle 360G,£2.10,£0.58/100g,,,False,,False,4.6,47,False,https://www.tesco.com/groceries/en-GB/products/256632303,https://digitalcontent.api.tesco.com/v2/media/ghs/397c227a-a67b-45b2-9b0d-3e673ab0dbaa/64730a1d-4dad-40ff-8986-653eab179b7d_1718105072.jpeg?h=225&w=225,Food Cupboard,"Table Sauces, Olives, Pickles & Chutney"
305053205,Tesco 50% Less Fat Salad Cream 450Ml,£1.40,£0.31/100ml,,,False,,False,3.9,40,False,https://www.tesco.com/groceries/en-GB/products/305053205,https://digitalcontent.api.tesco.com/v2/media/ghs/fabb0e8a-6e58-4b84-9f79-e2bc3349915e/e7e60bad-80e3-44c9-ac91-f221240682ae_85889537.jpeg?h=225&w=225,Food Cupboard,"Table Sauces, Olives, Pickles & Chutney"
264364700,Hellmann's Light Mayonnaise Squeezy 430ml,£2.50,£0.58/100ml,£2.00 Clubcard Price,(£0.46/100ml),True,Offer valid for delivery from 16/04/2025 until 29/04/2025,False,4.5,403,False,https://www.tesco.com/groceries/en-GB/products/264364700,https://digitalcontent.api.tesco.com/v2/media/ghs/cb0f7207-0e28-4c50-a997-8dc45bb061c7/5ee76422-edbb-4846-a1e6-70eb56f078dd_1131010067.jpeg?h=225&w=225,Food Cupboard,"Table Sauces, Olives, Pickles & Chutney"
297372202,Tesco Worcester Sauce 150Ml,£1.20,£0.80/100ml,,,False,,False,3.5,45,False,https://www.tesco.com/groceries/en-GB/products/297372202,https://digitalcontent.api.tesco.com/v2/media/ghs/95a9855b-96bc-462d-ae32-ad8eba701d4b/a1542e57-9ef9-4531-9f59-a7e61837de22_1426310115.jpeg?h=225&w=225,Food Cupboard,"Table Sauces, Olives, Pickles & Chutney"
257749377,Hp Brown Sauce Handy Pack 285G,£2.00,£0.70/100g,,,False,,False,4.3,134,False,https://www.tesco.com/groceries/en-GB/products/257749377,https://digitalcontent.api.tesco.com/v2/media/ghs/c566fdb4-1cfa-4a7e-8d13-646a4b313f9c/0fc7e6c1-ff23-48ab-b0d6-c6348f5fc460_1600195895.jpeg?h=225&w=225,Food Cupboard,"Table Sauces, Olives, Pickles & Chutney"
257038602,Baxters Crinkle Cut Beetroot 567G,£2.25,£0.56/100g DR.WT,£1.60 Clubcard Price,(£0.40/100g DR.WT),True,Offer valid for delivery from 17/03/2025 until 29/04/2025,False,4.1,14,False,https://www.tesco.com/groceries/en-GB/products/257038602,https://digitalcontent.api.tesco.com/v2/media/ghs/fc904d4a-f061-4d0e-a2e5-5e005c804478/9e2f4d3e-9e09-406c-bd62-ff611a986fd6_1924501612.jpeg?h=225&w=225,Food Cupboard,"Table Sauces, Olives, Pickles & Chutney"
253778008,Amoy Dark Soy Sauce 150Ml,£0.99,£0.66/100ml,,,False,,False,4.7,68,False,https://www.tesco.com/groceries/en-GB/products/253778008,https://digitalcontent.api.tesco.com/v2/media/ghs/f7de3535-d1ac-4e83-a2a1-a94925cd735c/c4c27409-00a2-4d15-b611-0bc253d895d2_478334438.jpeg?h=225&w=225,Food Cupboard,"Table Sauces, Olives, Pickles & Chutney"
300413099,Tesco Red Onion Chutney 295G,£1.40,£0.48/100g,,,False,,False,3.7,51,False,https://www.tesco.com/groceries/en-GB/products/300413099,https://digitalcontent.api.tesco.com/v2/media/ghs/8aa2e3af-f13b-4537-b29d-ac15982c9881/1dcd6712-2ade-4d7b-a9d0-549d3f7f1353_300773878.jpeg?h=225&w=225,Food Cupboard,"Table Sauces, Olives, Pickles & Chutney"
250179532,Lea & Perrins Worcestershire Sauce 150Ml,£1.70,£1.13/100ml,,,False,,False,4.7,117,False,https://www.tesco.com/groceries/en-GB/products/250179532,https://digitalcontent.api.tesco.com/v2/media/ghs/ed11642e-f50b-425f-b8c0-62a9ccd56cba/7b18e1de-cd75-485b-b81a-c6c05ce5f3d7_190206635.jpeg?h=225&w=225,Food Cupboard,"Table Sauces, Olives, Pickles & Chutney"
278831443,Aleyna Sliced Green Jalapeno Peppers 480G,,,,,False,,False,4.1,39,False,https://www.tesco.com/groceries/en-GB/products/278831443,https://digitalcontent.api.tesco.com/v2/media/ghs/3e085227-f0c8-4f57-9d20-12cca0e40c3d/92301832-2f61-4520-b915-534c2f5208c5_2061123026.jpeg?h=225&w=225,Food Cupboard,"Table Sauces, Olives, Pickles & Chutney"
254885369,Tesco Pickled Sliced Beetroot 710G,£1.45,£0.31/100g DR.WT,,,False,,False,3.6,61,False,https://www.tesco.com/groceries/en-GB/products/254885369,https://digitalcontent.api.tesco.com/v2/media/ghs/7b383ddb-69c0-4c54-8c33-aaa88f8bc6eb/36bfc651-683c-4b4f-8882-3f22fef34cf6_1859467082.jpeg?h=225&w=225,Food Cupboard,"Table Sauces, Olives, Pickles & Chutney"
305730412,Tesco Sandwich Pickle 295G,£1.45,£0.49/100g,,,False,,False,3.9,53,False,https://www.tesco.com/groceries/en-GB/products/305730412,https://digitalcontent.api.tesco.com/v2/media/ghs/95f834f7-fc30-4714-8c8c-c7ff454cf306/9ceec72a-4708-464d-b1d6-6612db7d2e19_1420237047.jpeg?h=225&w=225,Food Cupboard,"Table Sauces, Olives, Pickles & Chutney"
264231593,Daddies Brown Sauce 400G,£1.50,£0.38/100g,,,False,,False,4.7,50,False,https://www.tesco.com/groceries/en-GB/products/264231593,https://digitalcontent.api.tesco.com/v2/media/ghs/16c29bf5-9752-412a-b05f-ec212d153ad5/66fc344f-2e5a-44ad-b344-51822ef766d1_1404353124.jpeg?h=225&w=225,Food Cupboard,"Table Sauces, Olives, Pickles & Chutney"
278774752,Aleyna Roasted Red Peppers 480G,,,,,False,,False,4.1,26,False,https://www.tesco.com/groceries/en-GB/products/278774752,https://digitalcontent.api.tesco.com/v2/media/ghs/462ea2ba-f910-4483-81e3-f629d109f5ed/8f33c6aa-99d3-4fa6-a0b3-2ae91111187c_2063963725.jpeg?h=225&w=225,Food Cupboard,"Table Sauces, Olives, Pickles & Chutney"
300456508,Stockwell & Co Pickled Onion 440G,£0.90,£0.41/100g DR.WT,,,False,,False,2.7,50,False,https://www.tesco.com/groceries/en-GB/products/300456508,https://digitalcontent.api.tesco.com/v2/media/ghs/ec64c712-345e-4a17-a9cc-61cee35798c0/f518c881-b7c4-40b4-98f5-794914377634_1137941029.jpeg?h=225&w=225,Food Cupboard,"Table Sauces, Olives, Pickles & Chutney"
305829383,Tesco Reduced Sugar & Salt Ketchup 530G,£1.00,£0.19/100g,,,False,,False,2.9,33,False,https://www.tesco.com/groceries/en-GB/products/305829383,https://digitalcontent.api.tesco.com/v2/media/ghs/430ffdbd-3551-464f-85da-cb7bcbae7934/e57c6285-5666-41e4-aaca-ec2bf21da4c6_1054860723.jpeg?h=225&w=225,Food Cupboard,"Table Sauces, Olives, Pickles & Chutney"
294781229,Tesco Light Soy Sauce 150Ml,£0.60,£0.40/100ml,,,False,,False,4.5,65,False,https://www.tesco.com/groceries/en-GB/products/294781229,https://digitalcontent.api.tesco.com/v2/media/ghs/622d8675-f659-4d4e-83f3-f22f70aa7c08/d10d612a-14cf-4ebc-be79-259f1f189969_659550841.jpeg?h=225&w=225,Food Cupboard,"Table Sauces, Olives, Pickles & Chutney"
294781206,Tesco Dark Soy Sauce 150Ml,£0.60,£0.40/100ml,,,False,,False,4.4,90,False,https://www.tesco.com/groceries/en-GB/products/294781206,https://digitalcontent.api.tesco.com/v2/media/ghs/0a4e13e6-790c-4fc1-92ec-33eb6a83f75a/24f94dc8-6907-4f57-bbe4-0b8f81dddab0_1488320388.jpeg?h=225&w=225,Food Cupboard,"Table Sauces, Olives, Pickles & Chutney"
305828659,Tesco Reduced Sugar & Salt Ketchup 845G,£1.35,£0.16/100g,,,False,,False,3.3,40,False,https://www.tesco.com/groceries/en-GB/products/305828659,https://digitalcontent.api.tesco.com/v2/media/ghs/b19285c3-1de8-4307-9273-301022dc4b30/b3c26b17-d2c7-470d-a341-5603f073ee5d_1484133493.jpeg?h=225&w=225,Food Cupboard,"Table Sauces, Olives, Pickles & Chutney"
255664065,Tesco English Mustard 190G,£0.59,£0.31/100g,,,False,,False,3.7,66,False,https://www.tesco.com/groceries/en-GB/products/255664065,https://digitalcontent.api.tesco.com/v2/media/ghs/eb6f3a4d-6448-47bd-be97-50aff1eca980/554813da-3f8a-4efb-8b0c-aae3dfc488a2_1267001736.jpeg?h=225&w=225,Food Cupboard,"Table Sauces, Olives, Pickles & Chutney"
305438880,Tesco Mayonnaise 450Ml,£0.86,£0.19/100ml,,,False,,False,3.3,63,False,https://www.tesco.com/groceries/en-GB/products/305438880,https://digitalcontent.api.tesco.com/v2/media/ghs/094ef2c4-57f1-4965-b7e2-abe741bbfad3/891bace9-97da-4b1f-a2a3-d54019233011_2084282650.jpeg?h=225&w=225,Food Cupboard,"Table Sauces, Olives, Pickles & Chutney"
268569072,Tesco Sundried Tomato Antipasti 535G,£4.60,£1.70/100g DR.WT,,,False,,False,4.2,22,False,https://www.tesco.com/groceries/en-GB/products/268569072,https://digitalcontent.api.tesco.com/v2/media/ghs/798690f8-fed5-491d-9f7c-746e575b1c96/df53b4ea-1ce7-4fd8-8a76-23844fff62dd_1816802942.jpeg?h=225&w=225,Food Cupboard,"Table Sauces, Olives, Pickles & Chutney"
300832766,Tesco Pitted Kalamata Olives 290G,£3.00,£2.07/100g DR.WT,,,False,,False,4.6,25,False,https://www.tesco.com/groceries/en-GB/products/300832766,https://digitalcontent.api.tesco.com/v2/media/ghs/61dde5fd-2db2-4009-8031-bfd375d773f8/53567a4f-08d2-4f94-85db-25661b763eb0_1553671412.jpeg?h=225&w=225,Food Cupboard,"Table Sauces, Olives, Pickles & Chutney"
265915658,Tesco Artichoke Antipasti 285G,£3.45,£2.16/100g DR.WT,,,False,,False,3.6,29,False,https://www.tesco.com/groceries/en-GB/products/265915658,https://digitalcontent.api.tesco.com/v2/media/ghs/ef6bff98-efa4-4dc8-b393-6d21d9ebe8fe/c9efb558-13e1-480b-8993-f0121f7e6499_333731373.jpeg?h=225&w=225,Food Cupboard,"Table Sauces, Olives, Pickles & Chutney"
300808116,Nando's Perinaise Sauce 465G,£3.75,£0.81/100g,,,False,,False,,1,False,https://www.tesco.com/groceries/en-GB/products/300808116,https://digitalcontent.api.tesco.com/v2/media/ghs/671f375a-a3ec-4b71-ab14-4e02955a7d8a/7009f6f7-816c-470c-8b22-f1ff81cda61e_1749238891.jpeg?h=225&w=225,Food Cupboard,"Table Sauces, Olives, Pickles & Chutney"
256363765,French's American Classic Yellow Squeezy Mustard 226G,£2.50,£1.11/100g,,,False,,False,4.4,437,False,https://www.tesco.com/groceries/en-GB/products/256363765,https://digitalcontent.api.tesco.com/v2/media/ghs/6d400168-4973-41ab-9031-bec98f4d4379/dbb141e9-bf5d-4b75-bbcc-1ef82c7e84f3_1253016846.jpeg?h=225&w=225,Food Cupboard,"Table Sauces, Olives, Pickles & Chutney"
262007753,Mrs Elswood Sandwich Slices Cucumbers 540G,£2.65,£0.86/100g DR.WT,,,False,,False,3.9,20,False,https://www.tesco.com/groceries/en-GB/products/262007753,https://digitalcontent.api.tesco.com/v2/media/ghs/afe0a293-c637-462d-8c98-b26b327abd4b/180f5d4e-5cf3-47b8-aad0-b4322d3334bf_1878413073.jpeg?h=225&w=225,Food Cupboard,"Table Sauces, Olives, Pickles & Chutney"
280068480,Tesco Sliced Gherkins 480G,£2.05,£0.79/100g DR.WT,,,False,,False,3.8,33,False,https://www.tesco.com/groceries/en-GB/products/280068480,https://digitalcontent.api.tesco.com/v2/media/ghs/a85d33ec-e265-41ff-9be0-4874388ae9a1/c4d923d1-7915-4f8a-80ba-18041dec8e96_1442122204.jpeg?h=225&w=225,Food Cupboard,"Table Sauces, Olives, Pickles & Chutney"
308498526,Nando's Sweet Chilli Jam Medium 285G,£2.70,£0.95/100g,,,False,,False,4.5,44,False,https://www.tesco.com/groceries/en-GB/products/308498526,https://digitalcontent.api.tesco.com/v2/media/ghs/4f660cb3-e5c6-4386-89bb-3c3cf2b6e826/98806fb4-375a-4bb1-8f66-0d4b8bd656ef_2008805811.jpeg?h=225&w=225,Food Cupboard,"Table Sauces, Olives, Pickles & Chutney"
306818999,Tesco Sweet Chilli & Garlic Sauce 250Ml,£2.00,£0.80/100ml,,,False,,False,4.4,39,False,https://www.tesco.com/groceries/en-GB/products/306818999,https://digitalcontent.api.tesco.com/v2/media/ghs/0d4b64de-db9b-4edb-b9e5-f6b98ef0dde4/c92ab6ba-5e6f-4b81-bbea-9af618bfb718_31859123.jpeg?h=225&w=225,Food Cupboard,"Table Sauces, Olives, Pickles & Chutney"
257413982,Geeta's Mango Chutney 320G,£2.40,£0.75/100g,£1.75 Clubcard Price,(£0.55/100g),True,Offer valid for delivery from 16/04/2025 until 13/05/2025,False,4.6,104,False,https://www.tesco.com/groceries/en-GB/products/257413982,https://digitalcontent.api.tesco.com/v2/media/ghs/1d73c9ad-9ac7-4c40-b4af-35ce7eaa3de1/cbc393a3-df41-4163-a7a4-83c15a627d1f_295265546.jpeg?h=225&w=225,Food Cupboard,"Table Sauces, Olives, Pickles & Chutney"
262299348,Dawtona Pickled Gherkins 900G,£2.90,£0.62/100g DR.WT,,,False,,False,3.9,47,False,https://www.tesco.com/groceries/en-GB/products/262299348,https://digitalcontent.api.tesco.com/v2/media/ghs/cfdcaa20-cc59-4ff3-b5c5-3e153d4990f1/8a1df27a-cd85-4b31-8004-8358638a50b2_1895142714.jpeg?h=225&w=225,Food Cupboard,"Table Sauces, Olives, Pickles & Chutney"
254886967,Tabasco Original Red Hot Pepper Sauce 57Ml,£2.50,£4.39/100ml,,,False,,False,4.2,8,False,https://www.tesco.com/groceries/en-GB/products/254886967,https://digitalcontent.api.tesco.com/v2/media/ghs/1cee108b-28c7-4436-9b90-9a3a16ba0ef7/d21ba373-9265-439c-96f4-d0065219f51c_925068450.jpeg?h=225&w=225,Food Cupboard,"Table Sauces, Olives, Pickles & Chutney"
296219773,Heinz Tomato Ketchup Less Salt & Sugar 665G,£3.61,£0.54/100g,Any 2 for £6 Clubcard Price - Selected Heinz Sauce,,True,Offer valid for delivery from 10/04/2025 until 29/04/2025,False,4.6,9,False,https://www.tesco.com/groceries/en-GB/products/296219773,https://digitalcontent.api.tesco.com/v2/media/ghs/efdb8a78-c6df-415b-bad4-f750382e9ac7/8d583e33-4ecd-43be-b630-66ae8924689d_1700458591.jpeg?h=225&w=225,Food Cupboard,"Table Sauces, Olives, Pickles & Chutney"
263587524,Encona Original Hot Pepper Sauce 220Ml,£1.70,£0.77/100ml,,,False,,False,,2,False,https://www.tesco.com/groceries/en-GB/products/263587524,https://digitalcontent.api.tesco.com/v2/media/ghs/41e00596-c12a-40c4-afa6-d65e43f52d2d/c0747320-9e6f-4c63-a219-7f0ce1c3e142_102674150.jpeg?h=225&w=225,Food Cupboard,"Table Sauces, Olives, Pickles & Chutney"
268645460,Tesco Pitted Queen Olives 340G,£2.00,£1.23/100g DR.WT,,,False,,False,4.6,39,False,https://www.tesco.com/groceries/en-GB/products/268645460,https://digitalcontent.api.tesco.com/v2/media/ghs/3bb40e5c-9d14-434b-a3b4-608ba0847e86/c45e546d-4152-46a5-abe5-b233372f2148_1036234998.jpeg?h=225&w=225,Food Cupboard,"Table Sauces, Olives, Pickles & Chutney"
314432227,Hellmann's Tomato Ketchup 750ml,£3.30,£0.40/100g,,,False,,False,4.8,55,False,https://www.tesco.com/groceries/en-GB/products/314432227,https://digitalcontent.api.tesco.com/v2/media/ghs/1e8fc773-7f0a-42d4-a0d4-7a7cdc992857/a8a78545-2474-4be5-b32d-d0961f905484_631749763.jpeg?h=225&w=225,Food Cupboard,"Table Sauces, Olives, Pickles & Chutney"
258193559,Opies Mini Gherkins 227G,£1.60,£1.39/100g,,,False,,False,3.3,13,False,https://www.tesco.com/groceries/en-GB/products/258193559,https://digitalcontent.api.tesco.com/v2/media/ghs/4f8620ac-a776-4bcd-be2e-28d99c58b7c8/e0abd560-cd1f-4227-86f2-0b481db4ee09_1318832963.jpeg?h=225&w=225,Food Cupboard,"Table Sauces, Olives, Pickles & Chutney"
288515970,Heinz 30% Less Fat Salad Cream 415g,£3.00,£0.72/100g,,,False,,False,4.3,171,False,https://www.tesco.com/groceries/en-GB/products/288515970,https://digitalcontent.api.tesco.com/v2/media/ghs/e8c71795-6f07-4ab6-bc8a-0daa39709979/cfa4c7be-e4bc-4638-a20f-322c52641760_1998594618.jpeg?h=225&w=225,Food Cupboard,"Table Sauces, Olives, Pickles & Chutney"
262344785,Colman's Original English Mustard Powder 57G,£2.30,£4.04/100g,,,False,,False,4.6,58,False,https://www.tesco.com/groceries/en-GB/products/262344785,https://digitalcontent.api.tesco.com/v2/media/ghs/a86db39c-1163-492b-bdc4-5e383dcf99b7/5c0b52ed-a7ee-4a8d-b1d3-b692a98c9b31_1979582428.jpeg?h=225&w=225,Food Cupboard,"Table Sauces, Olives, Pickles & Chutney"
280067475,Tesco Crinkle Cut Gherkins 340G,£1.45,£0.78/100g DR.WT,,,False,,False,3.7,34,False,https://www.tesco.com/groceries/en-GB/products/280067475,https://digitalcontent.api.tesco.com/v2/media/ghs/1978b4f9-4bd5-4319-9c3c-08e3111fcbe2/2ae88cc6-392e-465e-a599-ba9f37b423c7_1999280556.jpeg?h=225&w=225,Food Cupboard,"Table Sauces, Olives, Pickles & Chutney"
305438160,Tesco Finest Mango Apricot & Coriander Chutney 220G,£1.85,£0.84/100g,,,False,,False,3.8,33,False,https://www.tesco.com/groceries/en-GB/products/305438160,https://digitalcontent.api.tesco.com/v2/media/ghs/8b83c790-937a-4b6b-81be-8d11b9a409e5/8f30b944-2d50-4690-ae1d-be70a3d6f4c9_1627679936.jpeg?h=225&w=225,Food Cupboard,"Table Sauces, Olives, Pickles & Chutney"
264365313,Hellmann's Lighter Than Light Mayonnaise Squeezy 430ml,£2.50,£0.58/100ml,£2.00 Clubcard Price,(£0.46/100ml),True,Offer valid for delivery from 16/04/2025 until 29/04/2025,False,4.2,94,False,https://www.tesco.com/groceries/en-GB/products/264365313,https://digitalcontent.api.tesco.com/v2/media/ghs/4e3e05c5-7774-4ceb-acd3-33c57e9a572d/cad16fa5-a91a-4954-aae4-67c680aa1f48_532711953.jpeg?h=225&w=225,Food Cupboard,"Table Sauces, Olives, Pickles & Chutney"
300793644,Heinz No Added Salt & Sugar Tomato Ketchup 425g,£3.00,£0.71/100g,,,False,,False,4.5,198,False,https://www.tesco.com/groceries/en-GB/products/300793644,https://digitalcontent.api.tesco.com/v2/media/ghs/9105c325-3b5c-40ae-8637-af6221436224/6c071c0f-59ab-4c13-a1eb-cb05a63fe6e8_803501705.jpeg?h=225&w=225,Food Cupboard,"Table Sauces, Olives, Pickles & Chutney"
305252505,Thai Dragon Sriracha Hot Chilli Sauce 455Ml,£2.50,£0.55/100ml,,,False,,False,3.1,35,False,https://www.tesco.com/groceries/en-GB/products/305252505,https://digitalcontent.api.tesco.com/v2/media/ghs/ade3e5af-692e-4e9e-8306-b688607611cb/aa4fca83-3aab-4129-8680-fe9d6f17db6e_2124931393.jpeg?h=225&w=225,Food Cupboard,"Table Sauces, Olives, Pickles & Chutney"
264880630,Tesco Olive Oil & Sea Salt Croutons 100G,£1.10,£1.10/100g,,,False,,False,4.4,41,False,https://www.tesco.com/groceries/en-GB/products/264880630,https://digitalcontent.api.tesco.com/v2/media/ghs/1d021e27-e97d-4724-be33-3bc101834dfd/1dfc77fa-0512-4799-97f6-36d74665873e_787546637.jpeg?h=225&w=225,Food Cupboard,"Table Sauces, Olives, Pickles & Chutney"
254885398,Baxters Sliced Beets In Vinegar 567G,£2.25,£0.55/100g DR.WT,£1.60 Clubcard Price,(£0.39/100g DR.WT),True,Offer valid for delivery from 17/03/2025 until 29/04/2025,False,4.4,31,False,https://www.tesco.com/groceries/en-GB/products/254885398,https://digitalcontent.api.tesco.com/v2/media/ghs/cc3905ca-bf19-4394-8d58-30c0fef50492/9fcac626-a999-4c54-9e6c-9d462e33697f_1684485500.jpeg?h=225&w=225,Food Cupboard,"Table Sauces, Olives, Pickles & Chutney"
292270470,Heinz Sandwich Spread 300G,£1.70,£0.57/100g,,,False,,False,3.7,26,False,https://www.tesco.com/groceries/en-GB/products/292270470,https://digitalcontent.api.tesco.com/v2/media/ghs/8f049395-67e0-414f-8ce0-c68ddbbcd06f/fb519af4-2e40-4ae7-aab1-2567b0e67f78_1053509458.jpeg?h=225&w=225,Food Cupboard,"Table Sauces, Olives, Pickles & Chutney"
258763488,Tesco Tomato Chutney 300G,£1.40,£0.47/100g,,,False,,False,4.4,43,False,https://www.tesco.com/groceries/en-GB/products/258763488,https://digitalcontent.api.tesco.com/v2/media/ghs/e599cede-08a6-4c87-8ff6-b80566fa508d/42fa0b1a-c376-421e-b0b1-aa260f94a8c4_1779456610.jpeg?h=225&w=225,Food Cupboard,"Table Sauces, Olives, Pickles & Chutney"
277972093,Nando's Peri-Peri Rub - Medium 25g,£1.25,£50.00/kg,,,False,,False,,2,False,https://www.tesco.com/groceries/en-GB/products/277972093,https://digitalcontent.api.tesco.com/v2/media/ghs/637e2cee-f00d-40cf-97d2-ad07c3c6e0e9/18c606b7-5d33-4c0f-8cac-f8047334e83c_332759524.jpeg?h=225&w=225,Food Cupboard,"Table Sauces, Olives, Pickles & Chutney"
254885726,Tesco Pickled Silverskin Onions 710G,£1.60,£0.42/100g DR.WT,,,False,,False,4.7,56,False,https://www.tesco.com/groceries/en-GB/products/254885726,https://digitalcontent.api.tesco.com/v2/media/ghs/a7f2ca6a-7422-4fc1-94aa-44c97b98d5a3/e0fc0be5-f737-487a-9c2c-b3c8f4c04a7c_2064570507.jpeg?h=225&w=225,Food Cupboard,"Table Sauces, Olives, Pickles & Chutney"
258251105,Tesco Sliced Black Olives In Brine 340G,£1.20,£0.71/100g DR.WT,,,False,,False,4.8,48,False,https://www.tesco.com/groceries/en-GB/products/258251105,https://digitalcontent.api.tesco.com/v2/media/ghs/8beda0f4-3aad-4947-89a0-1982705c539a/8dc4a449-1b14-49a3-85dd-2ee7b6bd693e_1539270701.jpeg?h=225&w=225,Food Cupboard,"Table Sauces, Olives, Pickles & Chutney"
263807571,Tesco Thousand Island Dressing 250Ml,£1.10,£0.44/100ml,,,False,,False,4.1,33,False,https://www.tesco.com/groceries/en-GB/products/263807571,https://digitalcontent.api.tesco.com/v2/media/ghs/fc39c66e-cfb2-4137-afc5-afd9d259dca7/7ae92188-f469-4966-9923-5c1b52440706_179746981.jpeg?h=225&w=225,Food Cupboard,"Table Sauces, Olives, Pickles & Chutney"
253778141,Amoy Light Soy Sauce 150Ml,£0.99,£0.66/100ml,,,False,,False,4.6,47,False,https://www.tesco.com/groceries/en-GB/products/253778141,https://digitalcontent.api.tesco.com/v2/media/ghs/2af2c322-80f0-4143-9291-16b111819f62/3471c9f9-d52e-4caa-a8ff-c4ad259e705c_1927348316.jpeg?h=225&w=225,Food Cupboard,"Table Sauces, Olives, Pickles & Chutney"
300413116,Tesco Ploughman's Plum Chutney 295G,£1.40,£0.48/100g,,,False,,False,3.3,36,False,https://www.tesco.com/groceries/en-GB/products/300413116,https://digitalcontent.api.tesco.com/v2/media/ghs/6a3a6848-c0c2-4923-8f40-0d876f32e08f/5657da2d-4980-4949-af60-2b02515d6eb0_313717884.jpeg?h=225&w=225,Food Cupboard,"Table Sauces, Olives, Pickles & Chutney"
296361856,Rochelle Crispy Onions 100G,£1.00,£1.00/100g,,,False,,False,3.4,20,False,https://www.tesco.com/groceries/en-GB/products/296361856,https://digitalcontent.api.tesco.com/v2/media/ghs/1ea67912-8da4-4921-8a25-2aa3b8d2f320/22e4fecc-e45e-4828-9e50-c9213c1992bd_1042591408.jpeg?h=225&w=225,Food Cupboard,"Table Sauces, Olives, Pickles & Chutney"
263807542,Tesco Caesar Dressing 250Ml,£1.10,£0.44/100ml,,,False,,False,3.5,33,False,https://www.tesco.com/groceries/en-GB/products/263807542,https://digitalcontent.api.tesco.com/v2/media/ghs/bac63fc0-ae13-4fd3-a27e-965dabaa263e/cce734af-42fe-4a21-b8d3-2e92775085fd_940759439.jpeg?h=225&w=225,Food Cupboard,"Table Sauces, Olives, Pickles & Chutney"
294781241,Tesco Reduced Salt Soy Sauce 150Ml,£0.60,£0.40/100ml,,,False,,False,,26,False,https://www.tesco.com/groceries/en-GB/products/294781241,https://digitalcontent.api.tesco.com/v2/media/ghs/1623a657-c645-42fc-bddc-1bad5a819793/df3e4b11-31e2-4516-b437-1d82665069a9_204630653.jpeg?h=225&w=225,Food Cupboard,"Table Sauces, Olives, Pickles & Chutney"
305833629,Tesco Bbq Sauce 440G,£0.81,£0.18/100g,,,False,,False,4.3,57,False,https://www.tesco.com/groceries/en-GB/products/305833629,https://digitalcontent.api.tesco.com/v2/media/ghs/0b47ce81-3b42-4f35-ae5a-87611bd261c1/b3b8c163-ada3-4582-84ec-869cfd84c8e0_1506129208.jpeg?h=225&w=225,Food Cupboard,"Table Sauces, Olives, Pickles & Chutney"
300238387,Stockwell & Co Sliced Beetroot 340G,£0.57,£0.26/100g DR.WT,,,False,,False,4.3,47,False,https://www.tesco.com/groceries/en-GB/products/300238387,https://digitalcontent.api.tesco.com/v2/media/ghs/5df7b9ee-679f-49fa-9ba7-b3db1354ff9b/675c38aa-4e57-4bc5-a404-c2bee815f6ae_539789015.jpeg?h=225&w=225,Food Cupboard,"Table Sauces, Olives, Pickles & Chutney"
303010444,Cooks & Co Dried Porcini Mushrooms 40G,£4.35,£1.09/10g,,,False,,False,,6,False,https://www.tesco.com/groceries/en-GB/products/303010444,https://digitalcontent.api.tesco.com/v2/media/ghs/642864b0-c86b-4cbf-9bb6-382661198026/0ce179ee-c5ad-48de-ad6d-36e4d64872cf_199747678.jpeg?h=225&w=225,Food Cupboard,"Table Sauces, Olives, Pickles & Chutney"
256781955,Garners Sweet Baby Onions 454G,£3.90,£1.70/100g DR.WT,£3.40 Clubcard Price,(£1.48/100g DR.WT),True,Offer valid for delivery from 16/04/2025 until 13/05/2025,False,3.7,15,False,https://www.tesco.com/groceries/en-GB/products/256781955,https://digitalcontent.api.tesco.com/v2/media/ghs/5aba9011-2916-47d2-a9b6-1f38def03927/8ddecaa5-4520-40a7-a458-216a4220ba97_985843421.jpeg?h=225&w=225,Food Cupboard,"Table Sauces, Olives, Pickles & Chutney"
254968652,Kikkoman Soy Sauce 150Ml,,,,,False,,False,4.5,21,False,https://www.tesco.com/groceries/en-GB/products/254968652,https://digitalcontent.api.tesco.com/v2/media/ghs/eaf8d647-075e-435f-8339-6b5708640819/7dac2afe-4126-4b3c-9e80-6046853d9ded_696926314.jpeg?h=225&w=225,Food Cupboard,"Table Sauces, Olives, Pickles & Chutney"
266282563,Garners Pickled Shallots 300G,£3.90,£2.44/100g DR.WT,£3.40 Clubcard Price,(£2.13/100g DR.WT),True,Offer valid for delivery from 16/04/2025 until 13/05/2025,False,3.3,19,False,https://www.tesco.com/groceries/en-GB/products/266282563,https://digitalcontent.api.tesco.com/v2/media/ghs/95eb5232-d296-4097-bca8-1baff68283ba/ffc1b7e5-1424-4740-8e1a-7e83f0569666_449606622.jpeg?h=225&w=225,Food Cupboard,"Table Sauces, Olives, Pickles & Chutney"
250859033,Maille Wholegrain Mustard 210G,£3.00,£1.43/100g,,,False,,False,4.8,37,False,https://www.tesco.com/groceries/en-GB/products/250859033,https://digitalcontent.api.tesco.com/v2/media/ghs/79fa38cb-5b1c-4859-b5b1-49fef8cc3ffc/80ad3277-83e8-4c97-93d5-b083ae21b8ee_193728941.jpeg?h=225&w=225,Food Cupboard,"Table Sauces, Olives, Pickles & Chutney"
251262345,Nandos Medium Peri Peri Sauce 125G,£2.30,£1.84/100g,,,False,,False,4.4,45,False,https://www.tesco.com/groceries/en-GB/products/251262345,https://digitalcontent.api.tesco.com/v2/media/ghs/9c344b81-c750-4351-89d0-a12231365c53/4e138285-4b27-449f-8931-3010cf463183_953928433.jpeg?h=225&w=225,Food Cupboard,"Table Sauces, Olives, Pickles & Chutney"
301554009,Tesco Tahini 300G,,,,,False,,False,,17,False,https://www.tesco.com/groceries/en-GB/products/301554009,https://digitalcontent.api.tesco.com/v2/media/ghs/1ccdd054-0152-465e-a7b1-01f03a41d7a7/5ea4ecc9-e4e1-4217-a528-adf1bfa920c8_341606668.jpeg?h=225&w=225,Food Cupboard,"Table Sauces, Olives, Pickles & Chutney"
306810247,Heinz Seriously Good Light Mayonnaise 570G,£2.90,£0.51/100g,,,False,,False,4.5,69,False,https://www.tesco.com/groceries/en-GB/products/306810247,https://digitalcontent.api.tesco.com/v2/media/ghs/0c25059b-ec63-4c8e-805e-39b8e77a740c/77a939a4-85c3-4306-8d2a-361998f4ef20_754825632.jpeg?h=225&w=225,Food Cupboard,"Table Sauces, Olives, Pickles & Chutney"
276783813,Kikkoman Tamari Gluten Free Soy Sauce 250Ml,£3.00,£1.20/100ml,,,False,,False,4.5,20,False,https://www.tesco.com/groceries/en-GB/products/276783813,https://digitalcontent.api.tesco.com/v2/media/ghs/b81b2604-474a-4948-9e50-0c299a007fad/2b3e5963-69a0-438d-858c-892d3e0e23ff_1274570308.jpeg?h=225&w=225,Food Cupboard,"Table Sauces, Olives, Pickles & Chutney"
279250092,Tesco Finest Tartare Sauce 175G,£1.85,£1.06/100g,,,False,,False,3.1,41,False,https://www.tesco.com/groceries/en-GB/products/279250092,https://digitalcontent.api.tesco.com/v2/media/ghs/84d5927a-416c-463a-82c1-7fdf9eafea14/3b313c6c-b7aa-41c0-bd6d-eb50ef5a9649_270938891.jpeg?h=225&w=225,Food Cupboard,"Table Sauces, Olives, Pickles & Chutney"
254850218,Encona Thai Sweet Chilli Sauce 285Ml,£2.15,£0.75/100ml,,,False,,False,,21,False,https://www.tesco.com/groceries/en-GB/products/254850218,https://digitalcontent.api.tesco.com/v2/media/ghs/5ae2c57e-b850-4c6f-acd7-b53aa406e731/851c6b87-ab65-4757-8d22-2f417a46e497_1848080206.jpeg?h=225&w=225,Food Cupboard,"Table Sauces, Olives, Pickles & Chutney"
268682036,Fragata Low Salt Anchovy Stuffed Olives 350G,£2.00,£1.33/100g DR.WT,,,False,,False,3.9,18,False,https://www.tesco.com/groceries/en-GB/products/268682036,https://digitalcontent.api.tesco.com/v2/media/ghs/517bf88f-482c-4cfa-bc9d-14dd253e6666/c3cea9cb-02c1-4ae9-94d9-1b31f3829a7f_951976221.jpeg?h=225&w=225,Food Cupboard,"Table Sauces, Olives, Pickles & Chutney"
268347663,HP Classic BBQ Sauce 465g,£2.50,£0.54/100g,,,False,,False,,3,False,https://www.tesco.com/groceries/en-GB/products/268347663,https://digitalcontent.api.tesco.com/v2/media/ghs/4ab48892-3d77-4851-b55a-128e6322ad9b/a2407723-87e9-407d-a0a1-82ccf913357d_1210352341.jpeg?h=225&w=225,Food Cupboard,"Table Sauces, Olives, Pickles & Chutney"
268347726,HP Fruity Brown Sauce Top Down 470g,£3.40,£0.72/100g,,,False,,False,4.6,46,False,https://www.tesco.com/groceries/en-GB/products/268347726,https://digitalcontent.api.tesco.com/v2/media/ghs/0f17bf89-123e-4124-8c6c-3bd7e8394c6d/2a733956-2416-4d9b-9f00-e774088c6d98_1494332928.jpeg?h=225&w=225,Food Cupboard,"Table Sauces, Olives, Pickles & Chutney"
292200236,Nandos Squeezy Perinaise 265G,£2.25,£0.85/100g,,,False,,False,4.7,103,False,https://www.tesco.com/groceries/en-GB/products/292200236,https://digitalcontent.api.tesco.com/v2/media/ghs/56aa6e0f-c0f5-4d38-9bee-ce75fca5a3f3/80583e3f-2f21-43b2-a485-d350d8578741_557905084.jpeg?h=225&w=225,Food Cupboard,"Table Sauces, Olives, Pickles & Chutney"
312698727,Hellmann's Tomato Ketchup Sauce Squeezy 430ml,£2.15,£0.50/100ml,£1.90 Clubcard Price,(£0.44/100ml),True,Offer valid for delivery from 16/04/2025 until 29/04/2025,False,4.5,54,False,https://www.tesco.com/groceries/en-GB/products/312698727,https://digitalcontent.api.tesco.com/v2/media/ghs/2259fdf3-0806-40eb-b3d9-fad91e5ceac1/32f0095d-7d2d-45cf-9aae-ea91c5e72131_1047682937.jpeg?h=225&w=225,Food Cupboard,"Table Sauces, Olives, Pickles & Chutney"
300793523,Heinz Salad Cream Light 605G,£3.08,£0.51/100g,Any 2 for £6 Clubcard Price - Selected Heinz Sauce,,True,Offer valid for delivery from 10/04/2025 until 29/04/2025,False,4.2,17,False,https://www.tesco.com/groceries/en-GB/products/300793523,https://digitalcontent.api.tesco.com/v2/media/ghs/e8e8593a-d163-4b1f-8d86-98a002ee0aa1/14d0beb2-eaa5-4af4-a1b1-c24b3361158a_1139935465.jpeg?h=225&w=225,Food Cupboard,"Table Sauces, Olives, Pickles & Chutney"
272781516,Heinz Sticky Barbecue Sauce 500G,£3.00,£0.60/100g,,,False,,False,4.9,13,False,https://www.tesco.com/groceries/en-GB/products/272781516,https://digitalcontent.api.tesco.com/v2/media/ghs/61bca668-e20d-43a3-bf4e-ecd33c211a73/9bbad44a-494b-4b06-8f23-09b4f5da1bb3_1367176389.jpeg?h=225&w=225,Food Cupboard,"Table Sauces, Olives, Pickles & Chutney"
287873811,Tiptree Ploughmans Plum Chutney 210G,£2.60,£1.24/100g,,,False,,False,4.2,13,False,https://www.tesco.com/groceries/en-GB/products/287873811,https://digitalcontent.api.tesco.com/v2/media/ghs/2e0f681a-cc16-49e8-9075-1e4ddf09e237/bd4e404c-fb65-4f7e-ab68-6c960fd40ce2_134590118.jpeg?h=225&w=225,Food Cupboard,"Table Sauces, Olives, Pickles & Chutney"
253876854,Rochelle Salad Croutons Mediterranean Herb 150G,£1.65,£1.10/100g,,,False,,False,4.7,12,False,https://www.tesco.com/groceries/en-GB/products/253876854,https://digitalcontent.api.tesco.com/v2/media/ghs/d15d937b-86cf-4e5b-ad38-c904538d5381/snapshotimagehandler_576855476.jpeg?h=225&w=225,Food Cupboard,"Table Sauces, Olives, Pickles & Chutney"
288042682,Ballymaloe Original Relish 210G,£2.20,£1.05/100g,£1.70 Clubcard Price,(£0.81/100g),True,Offer valid for delivery from 16/04/2025 until 29/04/2025,False,4.6,30,False,https://www.tesco.com/groceries/en-GB/products/288042682,https://digitalcontent.api.tesco.com/v2/media/ghs/11b0c6ea-c953-4f27-a75c-228d4e6e9521/4257b047-fdba-40ab-95dd-f83f60a899b8_1374226947.jpeg?h=225&w=225,Food Cupboard,"Table Sauces, Olives, Pickles & Chutney"
254849578,Pizza Express House Light Salad Dressing 235Ml,£2.50,£1.06/100ml,,,False,,False,4.3,91,False,https://www.tesco.com/groceries/en-GB/products/254849578,https://digitalcontent.api.tesco.com/v2/media/ghs/750f2802-9a2e-4039-a7ea-0031382983af/a72746a6-41b4-4ae7-8e54-46a47bab87d8_861268891.jpeg?h=225&w=225,Food Cupboard,"Table Sauces, Olives, Pickles & Chutney"
305435324,Tesco Garlic Sauce 235Ml,£1.30,£0.55/100ml,,,False,,False,4.5,50,False,https://www.tesco.com/groceries/en-GB/products/305435324,https://digitalcontent.api.tesco.com/v2/media/ghs/6589c619-7d05-4df5-b373-fa21d41345ef/e3248d08-2af3-45f0-83eb-2985cf9faef0_763672727.jpeg?h=225&w=225,Food Cupboard,"Table Sauces, Olives, Pickles & Chutney"
257202615,Hellmann's Light Mayonnaise Jar 400g,£2.80,£0.70/100g,,,False,,False,4.5,401,False,https://www.tesco.com/groceries/en-GB/products/257202615,https://digitalcontent.api.tesco.com/v2/media/ghs/126b23ab-2f4c-4c85-b65b-483ffc7c5f3f/452f429c-22d3-4ff0-9503-02c94a4a76dd_379325731.jpeg?h=225&w=225,Food Cupboard,"Table Sauces, Olives, Pickles & Chutney"
305051121,Tesco Burger Sauce 235Ml,£1.30,£0.55/100ml,,,False,,False,4.3,68,False,https://www.tesco.com/groceries/en-GB/products/305051121,https://digitalcontent.api.tesco.com/v2/media/ghs/d3eb2382-0d1d-4d61-a855-152030445e67/dcac36a4-0a1d-416f-b2ac-78baaf87f20b_1523969564.jpeg?h=225&w=225,Food Cupboard,"Table Sauces, Olives, Pickles & Chutney"
252560486,Heinz Tomato Ketchup Bottle 342G,£3.00,£0.88/100g,,,False,,False,4.4,203,False,https://www.tesco.com/groceries/en-GB/products/252560486,https://digitalcontent.api.tesco.com/v2/media/ghs/7ca3f51e-843a-4868-82a3-375593192f2d/b0b9b9ac-4d59-4361-af58-6cf1333498fe_678460169.jpeg?h=225&w=225,Food Cupboard,"Table Sauces, Olives, Pickles & Chutney"
305249971,Tesco Chilli Mayonnaise 235Ml,£1.30,£0.55/100ml,,,False,,False,4.5,51,False,https://www.tesco.com/groceries/en-GB/products/305249971,https://digitalcontent.api.tesco.com/v2/media/ghs/e2fe002c-38f3-4c0e-9cbd-e53378f37953/63d5d3b7-72bd-42c6-a08c-1f4ded2a7053_1704223694.jpeg?h=225&w=225,Food Cupboard,"Table Sauces, Olives, Pickles & Chutney"
264880584,Tesco Garlic & Herb Croutons 100G,£1.10,£1.10/100g,,,False,,False,,38,False,https://www.tesco.com/groceries/en-GB/products/264880584,https://digitalcontent.api.tesco.com/v2/media/ghs/d30b67d7-e4ca-41a3-9e90-1a454db7afd7/d62d8983-dfbf-4559-8078-e6045175dfa4_820145231.jpeg?h=225&w=225,Food Cupboard,"Table Sauces, Olives, Pickles & Chutney"
277971900,Nando's Peri Peri Rub Lemon & Herb 25G,£1.25,£50.00/kg,,,False,,False,,2,False,https://www.tesco.com/groceries/en-GB/products/277971900,https://digitalcontent.api.tesco.com/v2/media/ghs/ce270318-f514-4936-9dbe-c8c672533b15/57c8ce3e-be18-4b0b-aaad-319538d86c03_2120467993.jpeg?h=225&w=225,Food Cupboard,"Table Sauces, Olives, Pickles & Chutney"
257109997,Pataks Lime Pickle Medium 283G,£2.50,£0.88/100g,,,False,,False,3.3,16,False,https://www.tesco.com/groceries/en-GB/products/257109997,https://digitalcontent.api.tesco.com/v2/media/ghs/3b2b457b-5d92-4cbc-8638-24249eb114fd/449bed51-205e-4696-b5a2-57b4258350cd_1193911492.jpeg?h=225&w=225,Food Cupboard,"Table Sauces, Olives, Pickles & Chutney"
258251330,Tesco Pimiento Stuffed Olives In Brine 340G,£1.35,£0.71/100g DR.WT,,,False,,False,4.3,42,False,https://www.tesco.com/groceries/en-GB/products/258251330,https://digitalcontent.api.tesco.com/v2/media/ghs/bde7cc8f-bf07-4ebf-9424-d311fe68086e/ba4daa97-a975-4dd2-b780-36cb914ba756_608526225.jpeg?h=225&w=225,Food Cupboard,"Table Sauces, Olives, Pickles & Chutney"
300917809,Tesco Pitted Green Olives Basil&Garlic 70G,£1.15,£1.64/100g,,,False,,False,4.2,29,False,https://www.tesco.com/groceries/en-GB/products/300917809,https://digitalcontent.api.tesco.com/v2/media/ghs/47d5cf7c-9ffa-42e8-898d-2436ac766aaf/1d8c081a-c789-4148-8e94-e15eb1698891_76967937.jpeg?h=225&w=225,Food Cupboard,"Table Sauces, Olives, Pickles & Chutney"
253391528,Amoy Reduced Salt Soy Sauce 150Ml,£0.99,£0.66/100ml,,,False,,False,4.8,24,False,https://www.tesco.com/groceries/en-GB/products/253391528,https://digitalcontent.api.tesco.com/v2/media/ghs/d5113ae6-1f04-454d-b984-98b2b685d337/0d105a80-2dcd-45a0-ae1c-480e63fcf49b_926782029.jpeg?h=225&w=225,Food Cupboard,"Table Sauces, Olives, Pickles & Chutney"
293425280,Tesco Pitted Black Olives & Sea Salt 70G,£1.15,£1.64/100g,,,False,,False,3.9,20,False,https://www.tesco.com/groceries/en-GB/products/293425280,https://digitalcontent.api.tesco.com/v2/media/ghs/6183c574-dd33-41bf-9f39-90851abf3517/af679e43-ca7a-4701-8489-57de77be21a6_599807173.jpeg?h=225&w=225,Food Cupboard,"Table Sauces, Olives, Pickles & Chutney"
300577342,Tesco Reduced Fat French Dressing 250Ml,£1.10,£0.44/100ml,,,False,,False,4.3,43,False,https://www.tesco.com/groceries/en-GB/products/300577342,https://digitalcontent.api.tesco.com/v2/media/ghs/71c9bbdc-8057-4fce-8e6e-9b7d5c84192b/9403618e-8fd2-4797-89d0-73e08035256a_993774414.jpeg?h=225&w=225,Food Cupboard,"Table Sauces, Olives, Pickles & Chutney"
264147746,Frank's RedHot Original Cayenne Pepper Hot Sauce 148ml,£2.00,£1.35/100ml,,,False,,False,4.6,407,False,https://www.tesco.com/groceries/en-GB/products/264147746,https://digitalcontent.api.tesco.com/v2/media/ghs/69c9ba86-8a38-46ba-8ccb-91a0d65e16fa/a128739b-2c61-463f-be8f-143bbeb802ae_1733231877.jpeg?h=225&w=225,Food Cupboard,"Table Sauces, Olives, Pickles & Chutney"
300809639,Tesco Reduced Salt Pitted Green Olives 340g,£1.20,£0.74/100g DR.WT,,,False,,False,4.5,48,False,https://www.tesco.com/groceries/en-GB/products/300809639,https://digitalcontent.api.tesco.com/v2/media/ghs/4bd46305-59ad-41b3-bd31-af4f79921597/5833b712-e878-4bd0-911e-0a1000c2a384_358346749.jpeg?h=225&w=225,Food Cupboard,"Table Sauces, Olives, Pickles & Chutney"
254885421,Tesco Whole Baby Beetroot Vinegar 710G,£1.45,£0.31/100g DR.WT,,,False,,False,3.5,51,False,https://www.tesco.com/groceries/en-GB/products/254885421,https://digitalcontent.api.tesco.com/v2/media/ghs/32357127-8caf-464e-83e3-adc1fcfd98f2/e2c5203c-67f3-44dc-806b-c7d2bd5b31d6_1404541900.jpeg?h=225&w=225,Food Cupboard,"Table Sauces, Olives, Pickles & Chutney"
263807588,Tesco Honey & Mustard Dressing 250Ml,£1.10,£0.44/100ml,,,False,,False,4.4,81,False,https://www.tesco.com/groceries/en-GB/products/263807588,https://digitalcontent.api.tesco.com/v2/media/ghs/dfef1d3a-7982-4b4f-8b9b-50e8c04b509b/bd0bf70b-d170-45c9-b13a-46213424cc9f_372196543.jpeg?h=225&w=225,Food Cupboard,"Table Sauces, Olives, Pickles & Chutney"
304376723,Tesco Free From Worcester Sauce 150Ml,£1.00,£0.67/100ml DR.WT,,,False,,False,3.8,24,False,https://www.tesco.com/groceries/en-GB/products/304376723,https://digitalcontent.api.tesco.com/v2/media/ghs/d403d8e9-1a14-4348-93aa-28b8c2a1645d/abaabba4-f504-4835-9985-32518236539e_1985283115.jpeg?h=225&w=225,Food Cupboard,"Table Sauces, Olives, Pickles & Chutney"
254885473,Tesco Sweet Pickled Crinkle Cut Beetroot 340G,£0.95,£0.44/100g DR.WT,,,False,,False,4.4,64,False,https://www.tesco.com/groceries/en-GB/products/254885473,https://digitalcontent.api.tesco.com/v2/media/ghs/1c240c97-84c4-4253-a397-a5130e53bd85/65c79863-2f9d-4ac5-8a98-7e42a3c44797_526016302.jpeg?h=225&w=225,Food Cupboard,"Table Sauces, Olives, Pickles & Chutney"
254885438,Tesco Sweet Pickled Whole Beetroot 340g,£0.95,£0.28/100g DR.WT,,,False,,False,3.6,45,False,https://www.tesco.com/groceries/en-GB/products/254885438,https://digitalcontent.api.tesco.com/v2/media/ghs/e8d5ce68-3ce2-422b-b311-45c3e86efec6/d667c26d-5fa0-4226-8b66-d000df9ea5ab_750329230.jpeg?h=225&w=225,Food Cupboard,"Table Sauces, Olives, Pickles & Chutney"
306501400,Crouton Company Garlic & Herb Croutons 40G,£0.50,£1.25/100g,,,False,,False,3.2,5,False,https://www.tesco.com/groceries/en-GB/products/306501400,https://digitalcontent.api.tesco.com/v2/media/ghs/190d253c-6a08-4de6-a1ef-7ea402439de7/37b04ff8-d25f-4a51-af1d-a1761976fae9_111112358.jpeg?h=225&w=225,Food Cupboard,"Table Sauces, Olives, Pickles & Chutney"
287547887,Nando's Peri-Peri Sauce - Medium 500g,£4.00,£0.80/100g,,,False,,False,4.7,58,False,https://www.tesco.com/groceries/en-GB/products/287547887,https://digitalcontent.api.tesco.com/v2/media/ghs/3b1b92ac-7a3b-4dee-a5e0-92fd2b54dd9b/04677e9d-aa6b-4bef-a93c-5ae12e0d1a86_1020410812.jpeg?h=225&w=225,Food Cupboard,"Table Sauces, Olives, Pickles & Chutney"
299667900,Bull's-Eye Original BBQ Sauce 300ml,£3.00,£1.00/100ml,,,False,,False,4.5,77,False,https://www.tesco.com/groceries/en-GB/products/299667900,https://digitalcontent.api.tesco.com/v2/media/ghs/135adc96-c796-45f3-b099-e6960789652a/ba9250d7-21f6-49a6-82e9-7a52257d081b_1996159232.jpeg?h=225&w=225,Food Cupboard,"Table Sauces, Olives, Pickles & Chutney"
261892079,Tiptree Tomato Sauce 310G,£3.30,£1.06/100g,,,False,,False,4.3,51,False,https://www.tesco.com/groceries/en-GB/products/261892079,https://digitalcontent.api.tesco.com/v2/media/ghs/a7532417-fce5-4f58-a0d9-8ad56d4f048f/2282ed25-94a4-4bc0-b52b-2311725a61cb_1597733804.jpeg?h=225&w=225,Food Cupboard,"Table Sauces, Olives, Pickles & Chutney"
314847762,Bevelini Sundried Tomatoes Balsamic Vinegar 310G,£3.00,£1.76/100g DR.WT,,,False,,False,,,False,https://www.tesco.com/groceries/en-GB/products/314847762,https://digitalcontent.api.tesco.com/v2/media/ghs/d23a2f2e-1637-4f73-9f5a-cbc3a159bd5e/8ae91993-cc66-486d-a89c-4013afd5f334_858827806.jpeg?h=225&w=225,Food Cupboard,"Table Sauces, Olives, Pickles & Chutney"
304408612,Heinz Saucy Mayonnaise Ketchup Sauce 425G,£3.40,£0.80/100g,Any 2 for £5 Clubcard Price - Selected Heinz Sauces,,True,Offer valid for delivery from 18/04/2025 until 29/04/2025,False,4.6,48,False,https://www.tesco.com/groceries/en-GB/products/304408612,https://digitalcontent.api.tesco.com/v2/media/ghs/9414c65c-8121-44a7-b136-49e1bf900164/ff801e51-89a2-47f8-b51a-176502bc5af9_1043962278.jpeg?h=225&w=225,Food Cupboard,"Table Sauces, Olives, Pickles & Chutney"
300826843,Tesco Finest Kalamata Olives 210G,£2.50,£2.00/100g DR.WT,,,False,,False,4.3,20,False,https://www.tesco.com/groceries/en-GB/products/300826843,https://digitalcontent.api.tesco.com/v2/media/ghs/b207edd8-bc02-4048-a804-7002a6cbba98/d7107cdc-9b11-45c9-acf7-f98468355952_1135171031.jpeg?h=225&w=225,Food Cupboard,"Table Sauces, Olives, Pickles & Chutney"
301957064,Biona Organic Sauerkraut 360G,£2.65,£1.15/100g DR.WT,£2.10 Clubcard Price,(£0.91/100g DR.WT),True,Offer valid for delivery from 16/04/2025 until 13/05/2025,False,3.1,15,False,https://www.tesco.com/groceries/en-GB/products/301957064,https://digitalcontent.api.tesco.com/v2/media/ghs/2c5fff79-e093-42a1-a7dd-318e0eaf956e/df87faf4-5402-49b2-ad21-d2cd299f940c_1644084645.jpeg?h=225&w=225,Food Cupboard,"Table Sauces, Olives, Pickles & Chutney"
314950149,Polli Sundried Tomatoes In Oil & Capers 190g,£2.45,£2.88/100g DR.WT,,,False,,False,1.5,2,False,https://www.tesco.com/groceries/en-GB/products/314950149,https://digitalcontent.api.tesco.com/v2/media/ghs/4524779d-2976-4a2a-8090-db73db32b9f1/a5ec1ab1-d940-4882-9d40-dfd1b9339f2c_852870894.jpeg?h=225&w=225,Food Cupboard,"Table Sauces, Olives, Pickles & Chutney"
300832720,Tesco Finest Pitted Halkidiki Olives 210G,£2.50,£2.63/100g DR.WT,,,False,,False,4.6,22,False,https://www.tesco.com/groceries/en-GB/products/300832720,https://digitalcontent.api.tesco.com/v2/media/ghs/2231f3a4-ad68-44e1-892a-476a1be42386/6fe5b0d1-eb1a-4765-a86c-5781f79f0754_1547473357.jpeg?h=225&w=225,Food Cupboard,"Table Sauces, Olives, Pickles & Chutney"
300793051,Heinz Bbq Sauce Classic 570Ml,£3.90,£0.68/100ml,Any 2 for £6 Clubcard Price - Selected Heinz Sauce,,True,Offer valid for delivery from 10/04/2025 until 29/04/2025,False,4.9,69,False,https://www.tesco.com/groceries/en-GB/products/300793051,https://digitalcontent.api.tesco.com/v2/media/ghs/3a812bcc-9167-4533-8920-4062f33b3b94/a0b82de7-fe76-4b1f-bdc0-d84621077bca_1339884653.jpeg?h=225&w=225,Food Cupboard,"Table Sauces, Olives, Pickles & Chutney"
314426598,Polli Grilled Artichokes in Oil 185g,£2.35,£2.14/100g DR.WT,,,False,,False,2.6,5,False,https://www.tesco.com/groceries/en-GB/products/314426598,https://digitalcontent.api.tesco.com/v2/media/ghs/0883665b-996a-48e5-b1be-fb18caa545ef/67cfa407-1463-4661-897f-affe41524379_235340703.jpeg?h=225&w=225,Food Cupboard,"Table Sauces, Olives, Pickles & Chutney"
314714355,Polli Grilled Peppers in Oil 190g,£2.35,£1.96/100g DR.WT,,,False,,False,,,False,https://www.tesco.com/groceries/en-GB/products/314714355,https://digitalcontent.api.tesco.com/v2/media/ghs/fe7b7991-4f24-454b-9988-64596a707370/459de331-aa1b-46ce-9f6b-eb945badfbf6_51408132.jpeg?h=225&w=225,Food Cupboard,"Table Sauces, Olives, Pickles & Chutney"
305523721,Belazu Balsamic Sun Dried Tomato Paste 130G,£2.55,£1.96/100g,,,False,,False,,18,False,https://www.tesco.com/groceries/en-GB/products/305523721,https://digitalcontent.api.tesco.com/v2/media/ghs/4e76a3db-9417-4240-b0cf-bc031011c28b/33c264a4-5097-4a8b-b931-2232d266140d_92143483.jpeg?h=225&w=225,Food Cupboard,"Table Sauces, Olives, Pickles & Chutney"
259872411,Newmans Own Ranch Dressing 250Ml,£2.20,£0.88/100ml,,,False,,False,4.2,11,False,https://www.tesco.com/groceries/en-GB/products/259872411,https://digitalcontent.api.tesco.com/v2/media/ghs/8cd08e0a-fbcb-4f41-9358-3d7a97935656/4e94b3d9-c282-4a92-99a2-43420fe1678c_574228681.jpeg?h=225&w=225,Food Cupboard,"Table Sauces, Olives, Pickles & Chutney"
268347628,HP Honey BBQ Sauce 465g,£2.50,£0.54/100g,,,False,,False,4.7,37,False,https://www.tesco.com/groceries/en-GB/products/268347628,https://digitalcontent.api.tesco.com/v2/media/ghs/c5ece32f-f625-4b35-ba15-56feefeba02e/ff7cf5ba-0071-4944-a039-19902f8d4ebc_268223143.jpeg?h=225&w=225,Food Cupboard,"Table Sauces, Olives, Pickles & Chutney"
309182799,Pizza Express Garlic & Herb Pizza Dipping Sauce 255G,£2.25,£0.88/100g,£1.50 Save 1/3 Clubcard Price,(£0.59/100g),True,Offer valid for delivery from 16/04/2025 until 29/04/2025,False,4.3,41,False,https://www.tesco.com/groceries/en-GB/products/309182799,https://digitalcontent.api.tesco.com/v2/media/ghs/b0396f0b-4e2e-463d-a4be-38303c685e3a/b83557a7-2cb5-48e7-a72d-f77b69d4f3cd_284279564.jpeg?h=225&w=225,Food Cupboard,"Table Sauces, Olives, Pickles & Chutney"
251693474,Mrs H.S.Balls Original Recipe Chutney 470G,£2.35,£0.50/100g,,,False,,False,4.6,42,False,https://www.tesco.com/groceries/en-GB/products/251693474,https://digitalcontent.api.tesco.com/v2/media/ghs/bd41ed2b-a7d7-4d2b-aa96-56d5d830a579/f19466bb-2642-42df-9a66-02f20b73bfa7_1966515013.jpeg?h=225&w=225,Food Cupboard,"Table Sauces, Olives, Pickles & Chutney"
284933924,Levi Roots Caribbean Bbq Sauce 290G,£2.20,£0.76/100g,£1.75 Clubcard Price,(£0.60/100g),True,Offer valid for delivery from 16/04/2025 until 29/04/2025,False,4.5,33,False,https://www.tesco.com/groceries/en-GB/products/284933924,https://digitalcontent.api.tesco.com/v2/media/ghs/5b157919-1d03-4dd8-a9e6-7de7311ebba6/6d971db1-b3a2-41d8-a9cd-48b17155838d_699789999.jpeg?h=225&w=225,Food Cupboard,"Table Sauces, Olives, Pickles & Chutney"
296186580,Nando's Hot Perinaise 265G,£2.25,£0.85/100g,,,False,,False,4.8,98,False,https://www.tesco.com/groceries/en-GB/products/296186580,https://digitalcontent.api.tesco.com/v2/media/ghs/292df0ac-8ddc-4e93-8b45-4011cd16eac4/47e59b97-fbbd-4d87-89bc-5fa4c72d068b_1971065146.jpeg?h=225&w=225,Food Cupboard,"Table Sauces, Olives, Pickles & Chutney"
314827924,Bevelini Hot & Sweet Jalapenos 400g,£2.35,£1.34/100g DR.WT,,,False,,False,,,False,https://www.tesco.com/groceries/en-GB/products/314827924,https://digitalcontent.api.tesco.com/v2/media/ghs/3bfec7ed-a1f6-4860-8a1f-9e5c7cff5d3f/c1e1bd0e-a2ef-44c5-b23a-9acdd3d0bb09_761621346.jpeg?h=225&w=225,Food Cupboard,"Table Sauces, Olives, Pickles & Chutney"
308866356,Polli Ingredient Sliced Sundried Tomatoes 120G,£1.80,£1.50/100g,,,False,,False,4.7,7,False,https://www.tesco.com/groceries/en-GB/products/308866356,https://digitalcontent.api.tesco.com/v2/media/ghs/ee1f8d33-48d0-4a3e-adea-de045bf11839/8077b639-4491-4224-8564-c3ec18d68b49_1484478297.jpeg?h=225&w=225,Food Cupboard,"Table Sauces, Olives, Pickles & Chutney"
256017387,Opies Lemon Slices 350G,£1.95,£1.15/100g DR.WT,,,False,,False,3.8,5,False,https://www.tesco.com/groceries/en-GB/products/256017387,https://digitalcontent.api.tesco.com/v2/media/ghs/a547d969-10ed-4fd9-82d8-1096041d4d9e/50521323-e924-4a71-8e8a-0f7dc45ea5f3_1975679552.jpeg?h=225&w=225,Food Cupboard,"Table Sauces, Olives, Pickles & Chutney"
266155186,Pizza Express Caesar Salad Dressing 235Ml,£2.50,£1.06/100ml,,,False,,False,4.2,109,False,https://www.tesco.com/groceries/en-GB/products/266155186,https://digitalcontent.api.tesco.com/v2/media/ghs/1fd186c2-a99a-4e83-8988-ebe5190e753e/6d577d25-539b-4cb9-9c42-3b2833a3a511_122910034.jpeg?h=225&w=225,Food Cupboard,"Table Sauces, Olives, Pickles & Chutney"
311949675,Heinz Seriously Good Vegan Mayonnaise 775G,£3.40,£0.44/100g,,,False,,False,2.9,66,False,https://www.tesco.com/groceries/en-GB/products/311949675,https://digitalcontent.api.tesco.com/v2/media/ghs/bf542922-fa18-4d20-a715-ce59f15add0b/c4aa9e9f-9c01-47a9-89a5-08cdd78749ac_1753444355.jpeg?h=225&w=225,Food Cupboard,"Table Sauces, Olives, Pickles & Chutney"
280068727,Tesco Cornichons With Chilli 340G,£1.45,£0.76/100g DR.WT,,,False,,False,4.8,24,False,https://www.tesco.com/groceries/en-GB/products/280068727,https://digitalcontent.api.tesco.com/v2/media/ghs/ec794e2d-055f-42a8-b221-b98c64b32926/40f8048f-6006-4786-ae90-cc18b70c87af_1134996844.jpeg?h=225&w=225,Food Cupboard,"Table Sauces, Olives, Pickles & Chutney"
305247506,Encona Scotch Bonnet Pepper Extra Hot Sauce 220Ml,£1.70,£0.77/100ml,,,False,,False,,2,False,https://www.tesco.com/groceries/en-GB/products/305247506,https://digitalcontent.api.tesco.com/v2/media/ghs/ede78be2-2338-4000-a6f1-501dcc337a86/8bf19ec8-00aa-4013-8fca-cae35a9d95b6_1822385790.jpeg?h=225&w=225,Food Cupboard,"Table Sauces, Olives, Pickles & Chutney"
310699171,Fire Pit Burger Relish 315g,£1.80,£0.57/100g,,,False,,False,4.6,27,False,https://www.tesco.com/groceries/en-GB/products/310699171,https://digitalcontent.api.tesco.com/v2/media/ghs/c7062931-f088-42eb-a465-6188a910d5cb/a012df95-854c-41b0-9110-3185f19cfbfa_746148564.jpeg?h=225&w=225,Food Cupboard,"Table Sauces, Olives, Pickles & Chutney"
300708154,Tesco Finest French Dressing 225Ml,£2.25,£1.00/100ml,,,False,,False,4.4,35,False,https://www.tesco.com/groceries/en-GB/products/300708154,https://digitalcontent.api.tesco.com/v2/media/ghs/9b306e44-b09a-4288-9a3f-aeb1e24b940f/8e05afd1-d957-4016-9925-f895921a9e09_2130263392.jpeg?h=225&w=225,Food Cupboard,"Table Sauces, Olives, Pickles & Chutney"
302316833,Good4U Super Seeds Salad Topper 150g,£2.00,£2.00/each,,,False,,False,4.9,38,False,https://www.tesco.com/groceries/en-GB/products/302316833,https://digitalcontent.api.tesco.com/v2/media/ghs/4461b665-b512-4176-953e-6b1e4135bca0/7cbd17e7-70c8-45e6-95c9-9b2d8538cf79_357040703.jpeg?h=225&w=225,Food Cupboard,"Table Sauces, Olives, Pickles & Chutney"
300809609,Tesco Finest Chilli Relish 295G,£1.70,£0.58/100g,,,False,,False,2.7,33,False,https://www.tesco.com/groceries/en-GB/products/300809609,https://digitalcontent.api.tesco.com/v2/media/ghs/f42e2cf7-1cc4-4cbe-95fd-84a62c71cc70/83c1299a-80cd-42c2-82c9-79fc36e3d541_1785931334.jpeg?h=225&w=225,Food Cupboard,"Table Sauces, Olives, Pickles & Chutney"
280448261,La Rochelle Bacon Flavour Sprinkles 120G,£1.35,£1.12/100g,,,False,,False,2.8,9,False,https://www.tesco.com/groceries/en-GB/products/280448261,https://digitalcontent.api.tesco.com/v2/media/ghs/cde10eb6-9cc4-4673-9252-e956d17729ba/snapshotimagehandler_1671905654.jpeg?h=225&w=225,Food Cupboard,"Table Sauces, Olives, Pickles & Chutney"
307355185,Tesco Pimiento Stuffed Green Olives920g,£2.80,£0.47/100g DR.WT,,,False,,False,4.4,27,False,https://www.tesco.com/groceries/en-GB/products/307355185,https://digitalcontent.api.tesco.com/v2/media/ghs/38228b53-21d5-474b-a647-0fafef9fb912/682c7b4b-623a-4349-936c-ee154f2244ce_382091032.jpeg?h=225&w=225,Food Cupboard,"Table Sauces, Olives, Pickles & Chutney"
277971727,Nando's Peri Peri Rub Bbq 25G,£1.25,£50.00/kg,,,False,,False,,4,False,https://www.tesco.com/groceries/en-GB/products/277971727,https://digitalcontent.api.tesco.com/v2/media/ghs/55a116d1-c34c-44fe-946b-d09a02a61cf1/58b2a99d-6364-41e4-a74f-b40c4e07bf17_1426495940.jpeg?h=225&w=225,Food Cupboard,"Table Sauces, Olives, Pickles & Chutney"
277972012,Nando's Peri Peri Rub Hot 25G,£1.25,£50.00/kg,,,False,,False,4.7,3,False,https://www.tesco.com/groceries/en-GB/products/277972012,https://digitalcontent.api.tesco.com/v2/media/ghs/23992a68-0cab-4583-bcd9-8e429c27c87e/66209bad-1353-4a84-80ac-9f1fdb9f5bfa_1605149856.jpeg?h=225&w=225,Food Cupboard,"Table Sauces, Olives, Pickles & Chutney"
277972225,Nando's Peri Peri Rub Garlic 25G,£1.25,£0.50/10g,,,False,,False,4.5,2,False,https://www.tesco.com/groceries/en-GB/products/277972225,https://digitalcontent.api.tesco.com/v2/media/ghs/b504545f-732c-4a1b-94e8-59ce5b7dc738/c6dd14a4-3949-4b3b-9c8a-687d74ad5cd9_1724438161.jpeg?h=225&w=225,Food Cupboard,"Table Sauces, Olives, Pickles & Chutney"
267244452,Dawtona Grated Beetroot 510G,£1.45,£0.40/100g DR.WT,,,False,,False,4.9,32,False,https://www.tesco.com/groceries/en-GB/products/267244452,https://digitalcontent.api.tesco.com/v2/media/ghs/d005f3b0-ce18-481f-a201-9f7534b7d66b/e17f00b9-4bf0-4604-92c2-688b16b7aaf7_233454888.jpeg?h=225&w=225,Food Cupboard,"Table Sauces, Olives, Pickles & Chutney"
292255735,Tesco Fat Free Vinaigrette Dressing 250Ml,£1.10,£0.44/100ml,,,False,,False,3.5,26,False,https://www.tesco.com/groceries/en-GB/products/292255735,https://digitalcontent.api.tesco.com/v2/media/ghs/6ce1f3ac-abf8-4307-a6f2-00280886747e/a7e3a12c-99b3-41b7-a7b3-93b6d49d0d19_1369027287.jpeg?h=225&w=225,Food Cupboard,"Table Sauces, Olives, Pickles & Chutney"
293425320,Tesco Pitted Green Olives With Red Peppers,£1.15,£1.64/100g,,,False,,False,3.9,20,False,https://www.tesco.com/groceries/en-GB/products/293425320,https://digitalcontent.api.tesco.com/v2/media/ghs/2d211195-54ee-49ed-aaa6-d78ae520ab46/d15a57e0-b80b-4b24-9162-71133baefa74_2139905770.jpeg?h=225&w=225,Food Cupboard,"Table Sauces, Olives, Pickles & Chutney"
262110048,Winiary Mayonnaise 400Ml,£2.25,£0.56/100ml,,,False,,False,4.6,67,False,https://www.tesco.com/groceries/en-GB/products/262110048,https://digitalcontent.api.tesco.com/v2/media/ghs/d0783502-c743-4842-b310-57dbc82d3c1e/9f016080-fb8c-45f6-a9ee-17f857bd626f_1722461533.jpeg?h=225&w=225,Food Cupboard,"Table Sauces, Olives, Pickles & Chutney"
263807559,Tesco French Style Dressing 250Ml,£1.10,£0.44/100ml,,,False,,False,4.4,53,False,https://www.tesco.com/groceries/en-GB/products/263807559,https://digitalcontent.api.tesco.com/v2/media/ghs/094ee239-42ca-4bc4-9dd1-6b35b7888409/6448a576-9e14-4115-8946-19a4da5d04ee_566221610.jpeg?h=225&w=225,Food Cupboard,"Table Sauces, Olives, Pickles & Chutney"
264158651,Tesco Garlic & Herb Dressing 250Ml,£1.10,£0.44/100ml,,,False,,False,4.5,31,False,https://www.tesco.com/groceries/en-GB/products/264158651,https://digitalcontent.api.tesco.com/v2/media/ghs/98c538b1-9379-4623-867f-31f9ea1de467/6a708556-d68f-4931-b482-55c7d937a0f6_812804513.jpeg?h=225&w=225,Food Cupboard,"Table Sauces, Olives, Pickles & Chutney"
274220395,Frank's RedHot Buffalo Wings Hot Sauce 148ml,£2.00,£1.35/100ml,,,False,,False,4.5,2,False,https://www.tesco.com/groceries/en-GB/products/274220395,https://digitalcontent.api.tesco.com/v2/media/ghs/2275e04c-97e0-41b8-b296-bb893238efee/d85a6c2c-3b8c-4292-ab2c-bbfb0fa82921_148872728.jpeg?h=225&w=225,Food Cupboard,"Table Sauces, Olives, Pickles & Chutney"
303881777,Crouton Company Pepper & Salt Croutons 40G,£0.50,£1.25/100g,,,False,,False,,1,False,https://www.tesco.com/groceries/en-GB/products/303881777,https://digitalcontent.api.tesco.com/v2/media/ghs/8c6b515b-6a05-4600-97a1-d546f748abe5/975a4a75-7eff-48c1-a6c0-78ed6be4b7d9_26710010.jpeg?h=225&w=225,Food Cupboard,"Table Sauces, Olives, Pickles & Chutney"
258518578,Dunn's River Jamaican-Style Hot Sauce 85ml,£0.80,£0.94/100ml,,,False,,False,,4,False,https://www.tesco.com/groceries/en-GB/products/258518578,https://digitalcontent.api.tesco.com/v2/media/ghs/6c02deb4-b371-471a-b1b8-fa9a5858a38e/9887e315-d36f-47fa-b411-e7f8708334bf_1760315174.jpeg?h=225&w=225,Food Cupboard,"Table Sauces, Olives, Pickles & Chutney"
305249769,Tesco Light Mayonnaise 500Ml,£0.99,£0.20/100ml,,,False,,False,3.4,36,False,https://www.tesco.com/groceries/en-GB/products/305249769,https://digitalcontent.api.tesco.com/v2/media/ghs/2f305b0c-50d8-46b1-9f17-83575886bc68/30ec5fe0-0307-4861-9950-59accf9446f5_1434442420.jpeg?h=225&w=225,Food Cupboard,"Table Sauces, Olives, Pickles & Chutney"
268390796,Mary Berrys Light Salad Dressing 235Ml,£3.45,£1.47/100ml,,,False,,False,4.3,6,False,https://www.tesco.com/groceries/en-GB/products/268390796,https://digitalcontent.api.tesco.com/v2/media/ghs/dd7ccb04-0d64-4012-a1d7-33cf163ac130/38be0da7-5a39-4926-a897-6071ce467264_544969090.jpeg?h=225&w=225,Food Cupboard,"Table Sauces, Olives, Pickles & Chutney"
284932948,Garners Pickled Cabbage 454G,£3.90,£2.05/100g DR.WT,£3.40 Clubcard Price,(£1.79/100g DR.WT),True,Offer valid for delivery from 16/04/2025 until 13/05/2025,False,4.3,7,False,https://www.tesco.com/groceries/en-GB/products/284932948,https://digitalcontent.api.tesco.com/v2/media/ghs/099fa38d-0471-438e-9134-e93508459871/03d17b1a-3c21-46eb-ba9a-05cba6052ecb_1056969499.jpeg?h=225&w=225,Food Cupboard,"Table Sauces, Olives, Pickles & Chutney"
287548143,Nando's Peri Peri Sauce Hot 500G,£4.00,£0.80/100g,,,False,,False,4.7,67,False,https://www.tesco.com/groceries/en-GB/products/287548143,https://digitalcontent.api.tesco.com/v2/media/ghs/43975da4-74a7-4309-8838-c10c1c9c446b/2bbb62df-d6c2-4973-a025-66f36b702cd9_328501112.jpeg?h=225&w=225,Food Cupboard,"Table Sauces, Olives, Pickles & Chutney"
263174621,Dawtona Ogorki Kwaszone 900G,£3.20,£0.76/100g DR.WT,,,False,,False,3.7,45,False,https://www.tesco.com/groceries/en-GB/products/263174621,https://digitalcontent.api.tesco.com/v2/media/ghs/9495db9c-74bc-40b5-990d-6f44e2d9ee53/33b6d28c-bc93-46aa-a59b-fcfe6a5fb5d3_1370424069.jpeg?h=225&w=225,Food Cupboard,"Table Sauces, Olives, Pickles & Chutney"
262284763,Kikkoman Soy Sauce Less Salt 150Ml,£3.00,£2.00/100ml,,,False,,False,,10,False,https://www.tesco.com/groceries/en-GB/products/262284763,https://digitalcontent.api.tesco.com/v2/media/ghs/4dfdd82e-eb57-4665-8043-d935eaf169a0/0c3ba324-8d5c-4eff-9e08-3823af568c8c_1693133252.jpeg?h=225&w=225,Food Cupboard,"Table Sauces, Olives, Pickles & Chutney"
280333166,Sweet Baby Ray's Barbecue Sauce 510g,£3.95,£0.78/100g,,,False,,False,4.2,13,False,https://www.tesco.com/groceries/en-GB/products/280333166,https://digitalcontent.api.tesco.com/v2/media/ghs/93d338d6-dbed-43d1-97b3-db4441a82fae/3db04210-e658-47e7-b99c-b4217e710b8c_1582062567.jpeg?h=225&w=225,Food Cupboard,"Table Sauces, Olives, Pickles & Chutney"
279768919,Cypressa Tahini 300G,£3.20,£1.07/100g,,,False,,False,,,False,https://www.tesco.com/groceries/en-GB/products/279768919,https://digitalcontent.api.tesco.com/v2/media/ghs/0a3fd842-8e33-4e66-864c-8b9ef2d26c31/9785ae50-4304-48e1-9238-54737c48c336_1744558873.jpeg?h=225&w=225,Food Cupboard,"Table Sauces, Olives, Pickles & Chutney"
261960932,Heinz Organic Tomato Ketchup 580G,£3.90,£0.67/100g,£3.50 Clubcard Price,(£0.60/100g),True,Offer valid for delivery from 16/04/2025 until 29/04/2025,False,4.5,12,False,https://www.tesco.com/groceries/en-GB/products/261960932,https://digitalcontent.api.tesco.com/v2/media/ghs/869a3fbf-2282-4114-90ef-456338648b39/cfb4f590-56f8-4182-b4a4-b6e67ea94ac0_1988148074.jpeg?h=225&w=225,Food Cupboard,"Table Sauces, Olives, Pickles & Chutney"
311785257,Heinz Burger Sauce 418G,£3.40,£0.81/100g,Any 2 for £5 Clubcard Price - Selected Heinz Sauces,,True,Offer valid for delivery from 18/04/2025 until 29/04/2025,False,4.5,32,False,https://www.tesco.com/groceries/en-GB/products/311785257,https://digitalcontent.api.tesco.com/v2/media/ghs/939b16b9-f6d3-42f6-ab73-43b6656eb21e/ea917b97-0df5-45e7-a295-1761acbf6eed_1889930823.jpeg?h=225&w=225,Food Cupboard,"Table Sauces, Olives, Pickles & Chutney"
313012029,Baxters Kimchi 300G,£3.50,£11.67/kg,,,False,,False,2.8,16,False,https://www.tesco.com/groceries/en-GB/products/313012029,https://digitalcontent.api.tesco.com/v2/media/ghs/a61d88fe-f269-4a5d-94e2-f7fb96832a5b/7b834e4b-552c-4c79-b112-eb237bfef3f4_278847134.jpeg?h=225&w=225,Food Cupboard,"Table Sauces, Olives, Pickles & Chutney"
278149364,Nandos Peri Peri Sauce Lemon & Herb 125G,£2.30,£1.84/100g,,,False,,False,3.7,3,False,https://www.tesco.com/groceries/en-GB/products/278149364,https://digitalcontent.api.tesco.com/v2/media/ghs/0ae8f44f-1fb9-47ab-9561-8f73d8d2dcf7/7a6443e8-4d53-4564-9773-2fc7cf264abc_672903617.jpeg?h=225&w=225,Food Cupboard,"Table Sauces, Olives, Pickles & Chutney"
301923997,Belazu Beldi Black Olive Tapenade 170G,£3.40,£2.00/100g,,,False,,False,4.2,21,False,https://www.tesco.com/groceries/en-GB/products/301923997,https://digitalcontent.api.tesco.com/v2/media/ghs/a5057492-1ce0-4f31-b92b-ad212fb5e9be/dd03fedc-4b93-4cf9-ae06-c74ae2eb80fe_496780961.jpeg?h=225&w=225,Food Cupboard,"Table Sauces, Olives, Pickles & Chutney"
300832743,Tesco Finest Nocellara Olives 200G,£2.50,£2.08/100g,,,False,,False,1.9,22,False,https://www.tesco.com/groceries/en-GB/products/300832743,https://digitalcontent.api.tesco.com/v2/media/ghs/7bf7ea3c-17d7-44c8-beac-77c02d756085/c8d4faf0-f18a-4bf6-bf1e-13479f6cc31f_1732673050.jpeg?h=225&w=225,Food Cupboard,"Table Sauces, Olives, Pickles & Chutney"
259277592,Cholula Original Mexican Hot Sauce 150ml,£2.30,£1.53/100ml,,,False,,False,4.6,11,False,https://www.tesco.com/groceries/en-GB/products/259277592,https://digitalcontent.api.tesco.com/v2/media/ghs/6e6ac8e7-6110-4b6a-8caa-eb9346d0417f/6b45b172-56c6-4e88-b620-2d5664baaff6_2054657769.jpeg?h=225&w=225,Food Cupboard,"Table Sauces, Olives, Pickles & Chutney"
287000630,Cholula Chipotle Mexican Hot Sauce 150ml,£2.30,£1.53/100ml,,,False,,False,4.9,18,False,https://www.tesco.com/groceries/en-GB/products/287000630,https://digitalcontent.api.tesco.com/v2/media/ghs/a39ecc5e-9cb4-4518-9520-850a15f8126c/15f1f23a-19c6-4187-a8dc-53e5e8b0e9d0_1349020718.jpeg?h=225&w=225,Food Cupboard,"Table Sauces, Olives, Pickles & Chutney"
308463717,Nando's Peri-Peri Quick Marinade - Medium 262g,£2.60,£0.99/100g,,,False,,False,4.6,35,False,https://www.tesco.com/groceries/en-GB/products/308463717,https://digitalcontent.api.tesco.com/v2/media/ghs/03972e27-78aa-40cf-9ec0-61510cc9a12e/ea12a405-12e4-4496-9a50-0031f6c9186b_1903577781.jpeg?h=225&w=225,Food Cupboard,"Table Sauces, Olives, Pickles & Chutney"
259872359,Newmans Own Italian Dressing 250Ml,£2.20,£0.88/100ml,,,False,,False,3.9,14,False,https://www.tesco.com/groceries/en-GB/products/259872359,https://digitalcontent.api.tesco.com/v2/media/ghs/a0b16668-c879-4928-bc35-66f9f28969e6/f461bf4b-1d4b-4879-a4b8-cbad0ac8d720_1546691681.jpeg?h=225&w=225,Food Cupboard,"Table Sauces, Olives, Pickles & Chutney"
309184130,Pizza Express Pizza Dipping Sauce - Sweet & Smoky BBQ 288g,£2.25,£0.78/100g,£1.50 Save 1/3 Clubcard Price,(£0.52/100g),True,Offer valid for delivery from 16/04/2025 until 29/04/2025,False,4.8,36,False,https://www.tesco.com/groceries/en-GB/products/309184130,https://digitalcontent.api.tesco.com/v2/media/ghs/6756e6d4-522a-413c-8ca4-f4fab4b2b2f4/1ce0d856-6b97-4387-89dd-fec40449a2b3_174955489.jpeg?h=225&w=225,Food Cupboard,"Table Sauces, Olives, Pickles & Chutney"
273235765,Tesco Finest Bearnaise Sauce 165G,£1.80,£1.09/100g,,,False,,False,3.8,30,False,https://www.tesco.com/groceries/en-GB/products/273235765,https://digitalcontent.api.tesco.com/v2/media/ghs/39188654-baba-48a1-994e-6678a918c3ba/21eb1f30-93ba-48c0-b4af-9751ff7a153e_1328032235.jpeg?h=225&w=225,Food Cupboard,"Table Sauces, Olives, Pickles & Chutney"
287547933,Tesco Free From Salad Cream 440G,£1.90,£0.43/100g,,,False,,False,4.4,40,False,https://www.tesco.com/groceries/en-GB/products/287547933,https://digitalcontent.api.tesco.com/v2/media/ghs/9706abce-5a25-4f18-a5f5-36ebfecf7481/c899748a-21f3-43b1-b085-d6cdaf05b0e2_1918922403.jpeg?h=225&w=225,Food Cupboard,"Table Sauces, Olives, Pickles & Chutney"
307740754,Fragata Manzanilla Olive With Jalapeno 350G,£2.00,£1.33/100g DR.WT,,,False,,False,,3,False,https://www.tesco.com/groceries/en-GB/products/307740754,https://digitalcontent.api.tesco.com/v2/media/ghs/e1610605-5010-4391-abb9-5ee04fad248e/e5cdd454-6471-42d9-a8b9-5eef0e0cc9b2_224976964.jpeg?h=225&w=225,Food Cupboard,"Table Sauces, Olives, Pickles & Chutney"
305972851,Nandos Perinaise Garlic 265G,£2.25,£0.85/100g,,,False,,False,4.7,118,False,https://www.tesco.com/groceries/en-GB/products/305972851,https://digitalcontent.api.tesco.com/v2/media/ghs/0317ff7b-f2c8-4ae2-b3b7-87fa01bf5881/985f1098-087d-4f6a-a0b2-e2ba8ce2fc3c_215387771.jpeg?h=225&w=225,Food Cupboard,"Table Sauces, Olives, Pickles & Chutney"
307741131,Fragata Stoneless Olives & Garlic Puree 350G,£2.00,£1.33/100g DR.WT,,,False,,False,2.9,9,False,https://www.tesco.com/groceries/en-GB/products/307741131,https://digitalcontent.api.tesco.com/v2/media/ghs/22e510b8-faeb-4ef9-81ed-469decef249b/c982a871-d532-4dec-b053-e10a3cb94307_552235895.jpeg?h=225&w=225,Food Cupboard,"Table Sauces, Olives, Pickles & Chutney"
285648794,Cypressa Stuffed Vine Leaves With Rice & Herbs 280G,£2.10,£0.75/100g,,,False,,False,3.7,9,False,https://www.tesco.com/groceries/en-GB/products/285648794,https://digitalcontent.api.tesco.com/v2/media/ghs/0edd4fe4-6501-4ee7-afff-27da456acf1e/c3885bf9-80a9-4a40-946c-9b00bca9937a_140285793.jpeg?h=225&w=225,Food Cupboard,"Table Sauces, Olives, Pickles & Chutney"
313164557,Baxters Sliced Gherkins - Crunchy & Sweet 540g,£2.50,£0.83/100g DR.WT,,,False,,False,,5,False,https://www.tesco.com/groceries/en-GB/products/313164557,https://digitalcontent.api.tesco.com/v2/media/ghs/016f3c05-2faa-4d3c-a873-51dae0b8bb84/8b316685-cf46-403c-b857-27f527cae34f_1564323580.jpeg?h=225&w=225,Food Cupboard,"Table Sauces, Olives, Pickles & Chutney"
293425268,Fragataselection Anchovy Stuffed Olives 350G,£2.00,£1.33/100g DR.WT,,,False,,False,,4,False,https://www.tesco.com/groceries/en-GB/products/293425268,https://digitalcontent.api.tesco.com/v2/media/ghs/0eb90492-9bfb-4b48-b267-c83978614272/49cb071c-bc4c-4f3a-a314-b245855a6d09_838248481.jpeg?h=225&w=225,Food Cupboard,"Table Sauces, Olives, Pickles & Chutney"
292275498,Reds Kansas City Bbq Sauce 320G,£2.25,£0.70/100g,,,False,,False,4.4,42,False,https://www.tesco.com/groceries/en-GB/products/292275498,https://digitalcontent.api.tesco.com/v2/media/ghs/f99bd5a7-03aa-4002-b900-f75bd4224c27/417e6d6d-1437-4c05-af67-9e6d41799316_748909205.jpeg?h=225&w=225,Food Cupboard,"Table Sauces, Olives, Pickles & Chutney"
305250058,Nando's Vegan Perinaise Peri Peri Mayonnaise 265G,£2.25,£0.85/100g,,,False,,False,4.6,106,False,https://www.tesco.com/groceries/en-GB/products/305250058,https://digitalcontent.api.tesco.com/v2/media/ghs/d13bd0e1-a49f-4768-b913-69213a1460dc/38358a58-cd4e-4724-a6de-f0a1da04d2bb_824851309.jpeg?h=225&w=225,Food Cupboard,"Table Sauces, Olives, Pickles & Chutney"
309468289,Epicure Classic Pickle Spears - Sweet & Sour 670g,£2.35,£0.65/100g DR.WT,£1.85 Clubcard Price,(£0.51/100g DR.WT),True,Offer valid for delivery from 16/04/2025 until 10/06/2025,False,4.2,15,False,https://www.tesco.com/groceries/en-GB/products/309468289,https://digitalcontent.api.tesco.com/v2/media/ghs/cb4b592b-03e5-4c9a-96a6-6ae65418e4fb/0102dee7-3021-4e31-8493-270c9fc48153_786248574.jpeg?h=225&w=225,Food Cupboard,"Table Sauces, Olives, Pickles & Chutney"
304796335,Thai Dragon Sriracha Chilli Mayo Sauce 200ml,£1.90,£0.95/100ml,,,False,,False,2.9,7,False,https://www.tesco.com/groceries/en-GB/products/304796335,https://digitalcontent.api.tesco.com/v2/media/ghs/6a5cfaec-8189-4528-b409-bf367543c80e/b249b22b-facd-4879-9c2c-50b41448cbbd_1668725029.jpeg?h=225&w=225,Food Cupboard,"Table Sauces, Olives, Pickles & Chutney"
302290889,Tiptree Mango Chutney 220G,£2.60,£1.18/100g,,,False,,False,4.1,7,False,https://www.tesco.com/groceries/en-GB/products/302290889,https://digitalcontent.api.tesco.com/v2/media/ghs/0977b86b-230a-4275-9f10-0ef5e23b48a4/586c6991-580b-47e2-a377-c8f0fef095d2_2021649340.jpeg?h=225&w=225,Food Cupboard,"Table Sauces, Olives, Pickles & Chutney"
303760264,Geeta's Premium Lime & Chilli Chutney 230G,£1.90,£0.83/100g,£1.40 Save 25% Clubcard Price,(£0.61/100g),True,Offer valid for delivery from 16/04/2025 until 13/05/2025,False,4.9,16,False,https://www.tesco.com/groceries/en-GB/products/303760264,https://digitalcontent.api.tesco.com/v2/media/ghs/5d7eaf8e-ad71-440c-9713-f980e2e4a66d/25d372af-d72e-4dfa-bf8f-5dd9fd4ef574_1531595045.jpeg?h=225&w=225,Food Cupboard,"Table Sauces, Olives, Pickles & Chutney"
282224131,Maggi Authentic Indian Hot and Sweet Sauce 400g,£2.30,£0.58/100g,,,False,,False,,5,False,https://www.tesco.com/groceries/en-GB/products/282224131,https://digitalcontent.api.tesco.com/v2/media/ghs/e248c5a4-6ced-45be-8bd9-d43c9dcf7f66/cf8af4b9-fb57-4d3d-8043-257b71469b03_1532927727.jpeg?h=225&w=225,Food Cupboard,"Table Sauces, Olives, Pickles & Chutney"
252756439,Pizza Express House Salad Dressing 235Ml,£2.50,£1.06/100ml,,,False,,False,4.5,87,False,https://www.tesco.com/groceries/en-GB/products/252756439,https://digitalcontent.api.tesco.com/v2/media/ghs/63fb940c-136e-4f99-aba4-08c389f8a02b/536b4d74-35fb-402e-bf88-3d5ad194af7b_551770480.jpeg?h=225&w=225,Food Cupboard,"Table Sauces, Olives, Pickles & Chutney"
282243091,Fragata Snack 'N Green Olives With Pinch Of Lemon 70G,£1.45,£2.07/100g,,,False,,False,,3,False,https://www.tesco.com/groceries/en-GB/products/282243091,https://digitalcontent.api.tesco.com/v2/media/ghs/8b4b9c30-a35f-4a65-b0d5-ec59407cd94b/d1ffd154-b90c-4737-a96b-5aad48c7b18b_1040112843.jpeg?h=225&w=225,Food Cupboard,"Table Sauces, Olives, Pickles & Chutney"
311262605,Tesco Pickled Chillies 270G,£1.75,£1.30/100g DR.WT,,,False,,False,3.7,37,False,https://www.tesco.com/groceries/en-GB/products/311262605,https://digitalcontent.api.tesco.com/v2/media/ghs/aa628bb9-ce9d-4dfb-baee-7af6e0d17564/83ec5491-0162-4a55-9087-8423db34ead7_1652142701.jpeg?h=225&w=225,Food Cupboard,"Table Sauces, Olives, Pickles & Chutney"
276732834,Lee Kum Kee Premium Light Soy Sauce 150Ml,£1.50,£1.00/100ml,,,False,,False,,2,False,https://www.tesco.com/groceries/en-GB/products/276732834,https://digitalcontent.api.tesco.com/v2/media/ghs/e2cc7911-e745-48ec-afef-9a4c1f9fa3bb/efa090ed-f195-42df-a34c-a9b288771070_1090278773.jpeg?h=225&w=225,Food Cupboard,"Table Sauces, Olives, Pickles & Chutney"
293425343,Tesco Pitted Green Olives With Chilli 70G,£1.15,£1.64/100g,,,False,,False,4.9,18,False,https://www.tesco.com/groceries/en-GB/products/293425343,https://digitalcontent.api.tesco.com/v2/media/ghs/6be185dc-6610-4bff-ace4-cb99515db9cb/1d169a86-e86c-44ac-b4a2-f19e8ab5f17e_1809577005.jpeg?h=225&w=225,Food Cupboard,"Table Sauces, Olives, Pickles & Chutney"
287549390,Nando's Coat & Cook Medium 120G,£1.00,£0.83/100g,,,False,,False,,7,False,https://www.tesco.com/groceries/en-GB/products/287549390,https://digitalcontent.api.tesco.com/v2/media/ghs/91e68b12-9a7b-4948-bbdd-dfa983b9f065/52da9744-ba91-4d88-b03f-db299e770838_496866931.jpeg?h=225&w=225,Food Cupboard,"Table Sauces, Olives, Pickles & Chutney"
296455509,Grace Jamaican Jerk Bbq Sauce 375G,£1.80,£0.48/100g,£1.50 Clubcard Price,(£0.40/100g),True,Offer valid for delivery from 16/04/2025 until 03/06/2025,False,4.7,3,False,https://www.tesco.com/groceries/en-GB/products/296455509,https://digitalcontent.api.tesco.com/v2/media/ghs/eb02b693-85be-491c-965c-7098ff29946d/c1e1d693-64e9-4353-bec5-431493bdbb08_457233574.jpeg?h=225&w=225,Food Cupboard,"Table Sauces, Olives, Pickles & Chutney"
278770480,Aleyna Sliced Red Jalapeno Peppers 480G,£1.15,£0.48/100g DR.WT,,,False,,False,3.9,7,False,https://www.tesco.com/groceries/en-GB/products/278770480,https://digitalcontent.api.tesco.com/v2/media/ghs/225ef996-6213-4acd-ae78-ff992e94688d/d2935c73-6ff8-4237-bf58-ad39cdbefd30_1298515707.jpeg?h=225&w=225,Food Cupboard,"Table Sauces, Olives, Pickles & Chutney"
251214772,Tesco Traditional Pickled Onions 690G,£1.60,£0.44/100g DR.WT,,,False,,False,1.9,27,False,https://www.tesco.com/groceries/en-GB/products/251214772,https://digitalcontent.api.tesco.com/v2/media/ghs/32c31e9f-ab4b-4227-81ac-12b9fa1ab33a/2d3a7de6-c1a2-4693-b632-4b95ea30da79_77194991.jpeg?h=225&w=225,Food Cupboard,"Table Sauces, Olives, Pickles & Chutney"
301957087,Biona Organic Kimchi 350G,£5.20,£2.36/100g DR.WT,£4.15 Clubcard Price,(£1.89/100g DR.WT),True,Offer valid for delivery from 16/04/2025 until 13/05/2025,False,2.5,39,False,https://www.tesco.com/groceries/en-GB/products/301957087,https://digitalcontent.api.tesco.com/v2/media/ghs/3c5dc6de-72d7-480e-bf39-db2d375e69dd/a5c27de0-c4d2-4223-86c3-43a035388a7c_60219689.jpeg?h=225&w=225,Food Cupboard,"Table Sauces, Olives, Pickles & Chutney"
263979084,Mary Berrys Salad Dressing 235Ml,£3.45,£1.47/100ml,,,False,,False,4.2,12,False,https://www.tesco.com/groceries/en-GB/products/263979084,https://digitalcontent.api.tesco.com/v2/media/ghs/a073f979-47f9-4a6b-a582-9afd3b87f4de/c8b7217c-279c-4419-bfd5-0a9ae85b4ff0_290557300.jpeg?h=225&w=225,Food Cupboard,"Table Sauces, Olives, Pickles & Chutney"
302275258,Mary Berry's Blue Cheese Dressing 235Ml,£3.45,£1.47/100ml,,,False,,False,2.2,36,False,https://www.tesco.com/groceries/en-GB/products/302275258,https://digitalcontent.api.tesco.com/v2/media/ghs/17dabbe3-604d-4f50-b8bb-0aaf92394232/747f4373-f71d-46bb-9a1e-d47f6905a731_424301526.jpeg?h=225&w=225,Food Cupboard,"Table Sauces, Olives, Pickles & Chutney"
305965324,Nando's Garlic Peri-Peri Sauce 500g,£4.00,£0.80/100g,,,False,,False,,1,False,https://www.tesco.com/groceries/en-GB/products/305965324,https://digitalcontent.api.tesco.com/v2/media/ghs/82215e13-0d09-4610-a0a9-a24a6a524e7a/3f13c794-4947-4e0e-99ca-b611478e75f2_584377277.jpeg?h=225&w=225,Food Cupboard,"Table Sauces, Olives, Pickles & Chutney"
287549194,Nando's Peri-Peri Sauce - Lemon & Herb 500g,£4.00,£0.80/100g,,,False,,False,4.5,59,False,https://www.tesco.com/groceries/en-GB/products/287549194,https://digitalcontent.api.tesco.com/v2/media/ghs/877bfaa2-9cfd-43b8-a33c-82c38a5d7f49/d0be4ab9-57d2-4145-acec-4ed7e1a0a731_1378637851.jpeg?h=225&w=225,Food Cupboard,"Table Sauces, Olives, Pickles & Chutney"
309766369,Epicure Original Whole Pickles with Dill & Red Pepper 970g,£3.40,£0.64/100g DR.WT,£2.90 Clubcard Price,(£0.55/100g DR.WT),True,Offer valid for delivery from 16/04/2025 until 10/06/2025,False,4.4,12,False,https://www.tesco.com/groceries/en-GB/products/309766369,https://digitalcontent.api.tesco.com/v2/media/ghs/93cc9f3e-659b-448e-8613-c79da11bf03c/15703ef3-75d5-4e14-96ff-79a421064243_525309913.jpeg?h=225&w=225,Food Cupboard,"Table Sauces, Olives, Pickles & Chutney"
280333045,Sweet Baby Ray's Honey Barbecue Sauce 510g,£3.95,£0.78/100g,,,False,,False,,4,False,https://www.tesco.com/groceries/en-GB/products/280333045,https://digitalcontent.api.tesco.com/v2/media/ghs/f4a668da-2fe1-4f60-b889-e1afcd99d0c9/7345be1e-4d43-4293-a668-663f9df1f255_1790715692.jpeg?h=225&w=225,Food Cupboard,"Table Sauces, Olives, Pickles & Chutney"
314932091,Yutaka Korean Kimchi 200g,£3.50,£2.50/100g DR.WT,,,False,,False,,,False,https://www.tesco.com/groceries/en-GB/products/314932091,https://digitalcontent.api.tesco.com/v2/media/ghs/312bdcfa-ae05-442d-a9e5-a537f6907789/833fe4bd-d483-4ca4-90dd-9f592b58c4bf_1702033503.jpeg?h=225&w=225,Food Cupboard,"Table Sauces, Olives, Pickles & Chutney"
311793535,Heinz Turkish Style Garlic Sauce 420G,£3.40,£0.81/100g,Any 2 for £5 Clubcard Price - Selected Heinz Sauces,,True,Offer valid for delivery from 18/04/2025 until 29/04/2025,False,4.6,34,False,https://www.tesco.com/groceries/en-GB/products/311793535,https://digitalcontent.api.tesco.com/v2/media/ghs/09385bb6-b4de-4b8f-a2ee-4eb3e5b2079e/8d9f2ea6-ae6d-4239-bc6a-012c175bb29c_1340473384.jpeg?h=225&w=225,Food Cupboard,"Table Sauces, Olives, Pickles & Chutney"
252745216,Nando's Peri-Peri Sauce - Hot 125g,£2.30,£1.84/100g,,,False,,False,3.3,3,False,https://www.tesco.com/groceries/en-GB/products/252745216,https://digitalcontent.api.tesco.com/v2/media/ghs/24a57a8b-fc28-4f6a-bbca-df669a61b632/aa7b7a4c-298e-4a4d-b70f-11df9a016a72_1950724487.jpeg?h=225&w=225,Food Cupboard,"Table Sauces, Olives, Pickles & Chutney"
261961332,Nando's Garlic Peri Peri Sauce 125G,£2.30,£1.84/100g,,,False,,False,4.1,51,False,https://www.tesco.com/groceries/en-GB/products/261961332,https://digitalcontent.api.tesco.com/v2/media/ghs/60e16dc8-99bf-4e62-b1d7-9cee9a7ba9f0/a0eab2be-2eb5-4c40-aee6-9c4b295aee00_816826797.jpeg?h=225&w=225,Food Cupboard,"Table Sauces, Olives, Pickles & Chutney"
309471717,Dr Wills Avocado Oil Mayonnaise Sugar Free 175G,£4.00,£2.29/100g,,,False,,False,,130,False,https://www.tesco.com/groceries/en-GB/products/309471717,https://digitalcontent.api.tesco.com/v2/media/ghs/5eabfbf6-d05c-46e0-ac3c-33480d3786db/4fa79cfa-d66c-423c-8550-078dbd41f930_1333121800.jpeg?h=225&w=225,Food Cupboard,"Table Sauces, Olives, Pickles & Chutney"
305986587,Tabasco Sriracha Sauce 256Ml,£3.15,£1.23/100ml,,,False,,False,4.7,51,False,https://www.tesco.com/groceries/en-GB/products/305986587,https://digitalcontent.api.tesco.com/v2/media/ghs/c3d9641f-2d68-4cf4-a2ed-19f82fbfbef2/84dceed8-97a6-4a20-8eba-a36345d6ede8_1539343426.jpeg?h=225&w=225,Food Cupboard,"Table Sauces, Olives, Pickles & Chutney"
309184988,Jack Daniels Gluten Free Original Bbq Sauce 553G,£4.00,£0.72/100g,,,False,,False,3.7,10,False,https://www.tesco.com/groceries/en-GB/products/309184988,https://digitalcontent.api.tesco.com/v2/media/ghs/2c218d14-4da1-4afa-9f3c-51a2cbecd7f5/65957c31-614e-4627-bdd6-11c4af00dcc1_155096901.jpeg?h=225&w=225,Food Cupboard,"Table Sauces, Olives, Pickles & Chutney"
309205493,Jack Daniels Gluten Free Honey Bbq Sauce 553G,£4.00,£0.72/100g,,,False,,False,3.8,4,False,https://www.tesco.com/groceries/en-GB/products/309205493,https://digitalcontent.api.tesco.com/v2/media/ghs/6324f0fe-3be3-4066-95e8-a82bea15d50f/ea4a0d36-27c9-4319-83e3-ef495b8448bb_1242252523.jpeg?h=225&w=225,Food Cupboard,"Table Sauces, Olives, Pickles & Chutney"
254851818,Encona Original Hot Pepper Sauce 285Ml,£2.15,£0.75/100ml,,,False,,False,3.5,23,False,https://www.tesco.com/groceries/en-GB/products/254851818,https://digitalcontent.api.tesco.com/v2/media/ghs/1390b775-91b8-40f8-97bb-3b7b873e0a7c/7b9f06dc-001e-4bd6-a300-8b8387f2cd26_682014134.jpeg?h=225&w=225,Food Cupboard,"Table Sauces, Olives, Pickles & Chutney"
251225471,Geo Watkins Mushroom Ketchup 190Ml,£2.10,£1.10/100ml,,,False,,False,4.2,71,False,https://www.tesco.com/groceries/en-GB/products/251225471,https://digitalcontent.api.tesco.com/v2/media/ghs/a27f2e51-18b6-444b-8f3a-1bc4b4465130/2ca589ab-9611-4e62-addf-079e5cb677e0_1071566723.jpeg?h=225&w=225,Food Cupboard,"Table Sauces, Olives, Pickles & Chutney"
309485809,Hellmann's Cheese Sauce Squeezy 250ml,£2.60,£1.04/100g,£2.00 Clubcard Price,(£0.80/100g),True,Offer valid for delivery from 16/04/2025 until 29/04/2025,False,3.8,41,False,https://www.tesco.com/groceries/en-GB/products/309485809,https://digitalcontent.api.tesco.com/v2/media/ghs/a975b5b4-40d9-4c1d-9e42-f5a5d9b98fd5/57b8a266-adbc-4375-9c5f-75d61e3b4120_2006884617.jpeg?h=225&w=225,Food Cupboard,"Table Sauces, Olives, Pickles & Chutney"
308839717,Nandos Peri Peri Quick Marinade Hot 260G,£2.60,£1.00/100g,,,False,,False,4.6,34,False,https://www.tesco.com/groceries/en-GB/products/308839717,https://digitalcontent.api.tesco.com/v2/media/ghs/42d7577a-f026-424b-89ad-4a5d439d7389/8ff98468-b95a-4395-ac3f-55c438ba663b_1528597165.jpeg?h=225&w=225,Food Cupboard,"Table Sauces, Olives, Pickles & Chutney"
308828114,Nandos Piri Peri Marinade Lemon & Herb 260G,£2.60,£1.00/100g,,,False,,False,4.8,31,False,https://www.tesco.com/groceries/en-GB/products/308828114,https://digitalcontent.api.tesco.com/v2/media/ghs/1b7c7153-4f95-42c6-9fd0-42711cf3b281/f0a6cca0-94e4-46fe-84b1-40eab6516858_41685187.jpeg?h=225&w=225,Food Cupboard,"Table Sauces, Olives, Pickles & Chutney"
251310502,Tabasco Mild Green Pepper Sauce 57Ml,£2.50,£4.39/100ml,,,False,,False,4.7,44,False,https://www.tesco.com/groceries/en-GB/products/251310502,https://digitalcontent.api.tesco.com/v2/media/ghs/e1307115-c047-4dce-ad27-1ee0c556f428/7fe20272-7ac0-4bfc-9741-11b1270efbc7_1049271252.jpeg?h=225&w=225,Food Cupboard,"Table Sauces, Olives, Pickles & Chutney"
271638689,Dawtona Swedish Salad 500G,£1.80,£0.77/100g DR.WT,,,False,,False,3.4,10,False,https://www.tesco.com/groceries/en-GB/products/271638689,https://digitalcontent.api.tesco.com/v2/media/ghs/13129d34-6a88-4ec0-8706-1c61f12c114d/871aeb05-4619-460e-b322-f2e90e356056_1004438763.jpeg?h=225&w=225,Food Cupboard,"Table Sauces, Olives, Pickles & Chutney"
307735277,Fragata Stoneless Manzanilla Olives Filled With Lemon 350G,£2.00,£1.33/100g DR.WT,,,False,,False,4.3,3,False,https://www.tesco.com/groceries/en-GB/products/307735277,https://digitalcontent.api.tesco.com/v2/media/ghs/98f2ba9d-bde3-419b-ac22-09acb8aa6992/da7d44b2-d61e-413d-9ec1-d57efbd231b0_577806428.jpeg?h=225&w=225,Food Cupboard,"Table Sauces, Olives, Pickles & Chutney"
309754464,Epicure Crinkle Cut Pickles +Hot Red Chilli 530G,£2.35,£0.81/100g DR.WT,£1.85 Clubcard Price,(£0.64/100g DR.WT),True,Offer valid for delivery from 16/04/2025 until 10/06/2025,False,,7,False,https://www.tesco.com/groceries/en-GB/products/309754464,https://digitalcontent.api.tesco.com/v2/media/ghs/0cd1b2ae-9267-48dd-a6b1-2d426ca1b89e/2c5c3d31-ad53-4d5d-83e0-4aa9a3177a12_218655829.jpeg?h=225&w=225,Food Cupboard,"Table Sauces, Olives, Pickles & Chutney"
307736079,Fragata Stoneless Olives Piquillo Pepper 350G,£2.00,£1.33/100g DR.WT,,,False,,False,,2,False,https://www.tesco.com/groceries/en-GB/products/307736079,https://digitalcontent.api.tesco.com/v2/media/ghs/2f61b0ef-b152-456e-ad86-ff5cd7b6243b/abfa225e-7756-4426-9688-bd587a84b24e_740036836.jpeg?h=225&w=225,Food Cupboard,"Table Sauces, Olives, Pickles & Chutney"
308484773,Fire Pit Smoky Onion Relish 300g,£1.70,£0.57/100g,,,False,,False,4.1,17,False,https://www.tesco.com/groceries/en-GB/products/308484773,https://digitalcontent.api.tesco.com/v2/media/ghs/252a976e-f55d-4ff1-a49a-d0b0853a8a81/72dd3373-a909-410a-a934-e842568798e1_1881384000.jpeg?h=225&w=225,Food Cupboard,"Table Sauces, Olives, Pickles & Chutney"
302274674,Good4U Garlic & Herb Salad Topper 125g,£2.00,£1.33/100g,£1.50 Save 25% Clubcard Price,(£1.00/100g),True,Offer valid for delivery from 16/04/2025 until 29/04/2025,False,4.5,37,False,https://www.tesco.com/groceries/en-GB/products/302274674,https://digitalcontent.api.tesco.com/v2/media/ghs/bd1ccc7e-3d76-40d2-8b7f-329ec457971a/5674de16-00b1-41ac-ae3b-26a3c8c23257_1471667714.jpeg?h=225&w=225,Food Cupboard,"Table Sauces, Olives, Pickles & Chutney"
302308837,Good4U Garlic & Chilli Salad Topper 125g,£2.00,£1.60/100g,,,False,,False,4.9,32,False,https://www.tesco.com/groceries/en-GB/products/302308837,https://digitalcontent.api.tesco.com/v2/media/ghs/acebd332-39ae-4c12-99a5-3746fba30a5c/4197c2fb-8e0a-4a27-aebe-2160b2ef2938_2049508357.jpeg?h=225&w=225,Food Cupboard,"Table Sauces, Olives, Pickles & Chutney"
284195800,Nando's Coat & Cook Hot 120G,£1.00,£0.83/100g,,,False,,False,,3,False,https://www.tesco.com/groceries/en-GB/products/284195800,https://digitalcontent.api.tesco.com/v2/media/ghs/e68533d3-2628-405e-98c2-28a4821a749b/48bb9b69-ca6e-405f-8959-96c0833f0abf_991776852.jpeg?h=225&w=225,Food Cupboard,"Table Sauces, Olives, Pickles & Chutney"
262028031,Daddies Tomato Ketchup 400G,£1.50,£0.38/100g,,,False,,False,3.7,69,False,https://www.tesco.com/groceries/en-GB/products/262028031,https://digitalcontent.api.tesco.com/v2/media/ghs/249e0801-60d8-48d3-810e-b304b2a86b0d/ff0ad713-7be1-4c15-ac37-e55a32730b14_267824418.jpeg?h=225&w=225,Food Cupboard,"Table Sauces, Olives, Pickles & Chutney"
305836161,Tesco Brown Sauce 435G,£1.10,£0.25/100g,,,False,,False,3.5,37,False,https://www.tesco.com/groceries/en-GB/products/305836161,https://digitalcontent.api.tesco.com/v2/media/ghs/e694d26f-7f44-4dfc-97df-de4b216cae18/2f62093f-c9bc-4aca-9ea6-bbf51741e0fc_1250562613.jpeg?h=225&w=225,Food Cupboard,"Table Sauces, Olives, Pickles & Chutney"
305835801,Tesco Fruity Brown Sauce 445G,£1.10,£0.25/100g,,,False,,False,4.4,58,False,https://www.tesco.com/groceries/en-GB/products/305835801,https://digitalcontent.api.tesco.com/v2/media/ghs/3bbc5714-20be-403a-a566-2d1ece99515f/449ad62e-37ff-4f50-be61-ff1cf7ee0377_1970376393.jpeg?h=225&w=225,Food Cupboard,"Table Sauces, Olives, Pickles & Chutney"
305040105,Stockwell & Co Salad Cream 450Ml,£0.91,£0.20/100ml,,,False,,False,3.9,43,False,https://www.tesco.com/groceries/en-GB/products/305040105,https://digitalcontent.api.tesco.com/v2/media/ghs/8d65e1de-96d8-4f97-ae48-89c6ab48da4d/2128f482-aaf0-4bca-aded-40dbdbf68cc4_691832347.jpeg?h=225&w=225,Food Cupboard,"Table Sauces, Olives, Pickles & Chutney"
300238364,Tesco Pickled Pearl Silverskin Onions 340g,£0.90,£0.44/100g DR.WT,,,False,,False,4.7,38,False,https://www.tesco.com/groceries/en-GB/products/300238364,https://digitalcontent.api.tesco.com/v2/media/ghs/678eea81-a065-4178-bdb8-092afa38c4ef/1f649f54-a827-4d1e-beaa-aa693eb85a6c_24499197.jpeg?h=225&w=225,Food Cupboard,"Table Sauces, Olives, Pickles & Chutney"
305046243,Tesco Light Mayonnaise 450Ml,£0.86,£0.19/100ml,,,False,,False,4.2,79,False,https://www.tesco.com/groceries/en-GB/products/305046243,https://digitalcontent.api.tesco.com/v2/media/ghs/217b3104-42c4-46c3-806a-52c495fe08e1/90c3e194-a853-4e72-95c7-6e1c0cc35c67_218668812.jpeg?h=225&w=225,Food Cupboard,"Table Sauces, Olives, Pickles & Chutney"
305431904,Stockwell & Co Mayonnaise 450Ml,,,,,False,,False,2.8,45,False,https://www.tesco.com/groceries/en-GB/products/305431904,https://digitalcontent.api.tesco.com/v2/media/ghs/53211d15-2222-40fc-878d-f5ed44c6f23b/1942093f-b29e-45b9-9259-acca3bc74b2b_716422786.jpeg?h=225&w=225,Food Cupboard,"Table Sauces, Olives, Pickles & Chutney"
313607081,Polli Garlic Cloves In Brine 190G,£2.45,£2.23/100g DR.WT,,,False,,False,1.2,4,False,https://www.tesco.com/groceries/en-GB/products/313607081,https://digitalcontent.api.tesco.com/v2/media/ghs/dbde136a-e33e-43c2-b1fe-98039c68bfa1/2b05caf5-0f5f-4523-a80d-b0f3a135c0c4_1718289472.jpeg?h=225&w=225,Food Cupboard,"Table Sauces, Olives, Pickles & Chutney"
313835357,Heinz Mayomust Mayo Mustard Sauce 400g,£3.40,£0.85/100g,Any 2 for £5 Clubcard Price - Selected Heinz Sauces,,True,Offer valid for delivery from 18/04/2025 until 29/04/2025,False,4.4,58,False,https://www.tesco.com/groceries/en-GB/products/313835357,https://digitalcontent.api.tesco.com/v2/media/ghs/09e0ecdc-4d07-4adc-b576-52391f837acc/41432c78-67cc-433d-8611-2cdc02890e7f_2069627569.jpeg?h=225&w=225,Food Cupboard,"Table Sauces, Olives, Pickles & Chutney"
316068027,Peppadew Roasted Red Peppers 465g,£3.75,£0.81/100g DR.WT,,,False,,False,,1,False,https://www.tesco.com/groceries/en-GB/products/316068027,https://digitalcontent.api.tesco.com/v2/media/ghs/86a51ddd-6154-479e-98e0-ce4a442a785a/2cc3cde0-a76e-432e-a7c5-e1725ea1452c_1686136053.jpeg?h=225&w=225,Food Cupboard,"Table Sauces, Olives, Pickles & Chutney"
311446817,Blue Dragon Light Soy Sauce 375ml,£2.35,£6.27/litre,£2.00 Clubcard Price,(£5.33/litre),True,Offer valid for delivery from 16/04/2025 until 13/05/2025,False,,,False,https://www.tesco.com/groceries/en-GB/products/311446817,https://digitalcontent.api.tesco.com/v2/media/ghs/f2004d77-7b9e-4099-baf9-93ecd8102cba/e2f685b0-1dec-437d-949d-4f709342c1ec_218672016.jpeg?h=225&w=225,Food Cupboard,"Table Sauces, Olives, Pickles & Chutney"
316056082,Fragata Stoneless Black Olives 330g,£1.95,£0.59/100g DR.WT,,,False,,False,,2,False,https://www.tesco.com/groceries/en-GB/products/316056082,https://digitalcontent.api.tesco.com/v2/media/ghs/306472ca-d992-47c3-a326-5b0bf9b98e4f/aaa6afc2-cfc3-41f0-9775-0083da32d3c3_1260601460.jpeg?h=225&w=225,Food Cupboard,"Table Sauces, Olives, Pickles & Chutney"
313625675,Polli Garlic Cloves In Oil With Herbs 190G,£2.45,£0.13/10g DR.WT,,,False,,False,2.1,12,False,https://www.tesco.com/groceries/en-GB/products/313625675,https://digitalcontent.api.tesco.com/v2/media/ghs/e67beb71-8caa-4f50-ac1d-7b8dc8c39408/f049910a-64ee-4cc5-a8c9-2878547ea1bc_859286325.jpeg?h=225&w=225,Food Cupboard,"Table Sauces, Olives, Pickles & Chutney"
316071662,Cypressa Whole Garlic & Herbs Mixed Olives 315g,£2.30,£0.73/100g DR.WT,,,False,,False,,,False,https://www.tesco.com/groceries/en-GB/products/316071662,https://digitalcontent.api.tesco.com/v2/media/ghs/bb55c641-1243-48a1-9c63-b7951f35614f/c5da56eb-a39a-4a4e-974d-3ee0088aa686_1412552508.jpeg?h=225&w=225,Food Cupboard,"Table Sauces, Olives, Pickles & Chutney"
312111138,Blue Dragon Dark Soy Sauce 375ml,£2.35,£0.63/100ml,£2.00 Clubcard Price,(£0.53/100ml),True,Offer valid for delivery from 16/04/2025 until 13/05/2025,False,,1,False,https://www.tesco.com/groceries/en-GB/products/312111138,https://digitalcontent.api.tesco.com/v2/media/ghs/b5225384-6e79-423a-9b2d-c428fa63b434/d713cb0d-e2fc-4089-b5c6-e426dab1c8cb_879255953.jpeg?h=225&w=225,Food Cupboard,"Table Sauces, Olives, Pickles & Chutney"
315757999,Fragata Stoneless Green Olives 335g,£1.95,£0.58/100g DR.WT,,,False,,False,,2,False,https://www.tesco.com/groceries/en-GB/products/315757999,https://digitalcontent.api.tesco.com/v2/media/ghs/b43dc43c-f2c8-4f7e-8cb6-e704de90a5fd/7c4d47c0-9618-4f55-9340-95175f7d9a33_340588149.jpeg?h=225&w=225,Food Cupboard,"Table Sauces, Olives, Pickles & Chutney"
313944887,Rubies In The Rubble Ketchup 485G,£3.25,£0.67/100g,,,False,,False,,12,False,https://www.tesco.com/groceries/en-GB/products/313944887,https://digitalcontent.api.tesco.com/v2/media/ghs/8a6aa829-7c37-4aff-8c94-3fb650582a57/bec38a84-41db-4137-8002-f725772ebbe2_591002262.jpeg?h=225&w=225,Food Cupboard,"Table Sauces, Olives, Pickles & Chutney"
315463807,Heinz Curry Tomato Ketchup 570g,£3.40,£0.60/100g,Any 2 for £5 Clubcard Price - Selected Heinz Sauces,,True,Offer valid for delivery from 18/04/2025 until 29/04/2025,False,4.3,46,False,https://www.tesco.com/groceries/en-GB/products/315463807,https://digitalcontent.api.tesco.com/v2/media/ghs/c07845cd-6be1-49c1-aec7-18f6e4e47000/4dcb4665-ac4c-4a6f-b2b9-7c57ecaf2636_755523249.jpeg?h=225&w=225,Food Cupboard,"Table Sauces, Olives, Pickles & Chutney"
312339877,Tesco Pitted Amfissa Olives 290G,£2.25,£1.55/100g DR.WT,,,False,,False,3.7,3,False,https://www.tesco.com/groceries/en-GB/products/312339877,https://digitalcontent.api.tesco.com/v2/media/ghs/fb4d2f9d-f38d-4355-b344-e5c3ac17ca8c/9de533c3-a101-47ba-bf30-821c6ae8db7d_485275236.jpeg?h=225&w=225,Food Cupboard,"Table Sauces, Olives, Pickles & Chutney"
313382805,Tesco Pitted Black Olives 900G,£2.90,£0.64/100g DR.WT,,,False,,False,3.7,6,False,https://www.tesco.com/groceries/en-GB/products/313382805,https://digitalcontent.api.tesco.com/v2/media/ghs/0e5d82a5-3963-4e22-b4dd-4555f96fc94a/6b23f5d2-e74b-4289-83e5-bdd8a9654546_682598479.jpeg?h=225&w=225,Food Cupboard,"Table Sauces, Olives, Pickles & Chutney"
314095697,Sarsons Medium & Tangy Silverskin Onions 460G,£2.50,£1.02/100g DR.WT,£1.75 Clubcard Price,(£0.72/100g DR.WT),True,Offer valid for delivery from 19/03/2025 until 22/04/2025,False,4.3,14,False,https://www.tesco.com/groceries/en-GB/products/314095697,https://digitalcontent.api.tesco.com/v2/media/ghs/d81348fb-cb92-4977-b8a2-e506a501e417/19cbbdf7-bbc7-4b77-aa73-274d3994fa02_1646761624.jpeg?h=225&w=225,Food Cupboard,"Table Sauces, Olives, Pickles & Chutney"
316054971,Baxters Kraut Fermented Cabbage 480g,£2.50,£0.52/100g DR.WT,,,False,,False,,1,False,https://www.tesco.com/groceries/en-GB/products/316054971,https://digitalcontent.api.tesco.com/v2/media/ghs/8d7f1a49-2920-453e-a99a-3dfa489e0440/11f84d30-e634-4807-bf32-8e3f4abc86e6_1760684694.jpeg?h=225&w=225,Food Cupboard,"Table Sauces, Olives, Pickles & Chutney"
316065543,Fragata Marinated Stoneless Olives with Olive Oil & Sea Salt 120g,£2.10,£1.75/100g,,,False,,False,1.6,10,False,https://www.tesco.com/groceries/en-GB/products/316065543,https://digitalcontent.api.tesco.com/v2/media/ghs/200e521e-f396-4162-a299-4796bce3dcae/575f6da4-54ad-4e3f-84c2-3d7bd0ea9be9_1259672097.jpeg?h=225&w=225,Food Cupboard,"Table Sauces, Olives, Pickles & Chutney"
313522347,Tesco Pitted Green Olives 900G,£2.90,£0.64/100g DR.WT,,,False,,False,,2,False,https://www.tesco.com/groceries/en-GB/products/313522347,https://digitalcontent.api.tesco.com/v2/media/ghs/fec17425-7c51-4400-87dc-c884a8d56d48/ac4beae0-98ef-4ec5-85f4-85c0c7b30a90_908845465.jpeg?h=225&w=225,Food Cupboard,"Table Sauces, Olives, Pickles & Chutney"
315861126,"Fragata Marinated Stoneless Olives with Olive Oil, Garlic & Thyme 120g",£2.10,£1.75/100g,,,False,,False,,,False,https://www.tesco.com/groceries/en-GB/products/315861126,https://digitalcontent.api.tesco.com/v2/media/ghs/bc9c990c-f32d-4850-a03b-7dd7fc293565/5274fb78-ad69-4033-b7d7-de5420d4a039_591597256.jpeg?h=225&w=225,Food Cupboard,"Table Sauces, Olives, Pickles & Chutney"
315971883,Nando's Lemon and Black Pepper Perinaise 265g,£2.25,£0.85/100g,,,False,,False,4.8,8,False,https://www.tesco.com/groceries/en-GB/products/315971883,https://digitalcontent.api.tesco.com/v2/media/ghs/5f4d4879-e8e7-4b06-97e9-87cc7627e49f/2b62ac94-9378-4a9e-b8f0-7430be6ffc33_392043281.jpeg?h=225&w=225,Food Cupboard,"Table Sauces, Olives, Pickles & Chutney"
316799918,Nando's Peri Ketchup 280g,£2.50,£0.89/100g,,,False,,False,,8,False,https://www.tesco.com/groceries/en-GB/products/316799918,https://digitalcontent.api.tesco.com/v2/media/ghs/0ba7e7f9-0853-4f87-a459-407791c3b162/0cc99c68-5bd5-4374-b5b2-b717f1f88786_1735036990.jpeg?h=225&w=225,Food Cupboard,"Table Sauces, Olives, Pickles & Chutney"
316060243,Sarsons Sweet & Mild Red Cabbage 445g,£2.50,£0.56/100g DR.WT,£1.75 Clubcard Price,(£0.39/100g DR.WT),True,Offer valid for delivery from 19/03/2025 until 22/04/2025,False,2.5,2,False,https://www.tesco.com/groceries/en-GB/products/316060243,https://digitalcontent.api.tesco.com/v2/media/ghs/952a1338-cab3-4d0b-9202-88191e3ff06d/dec6a239-2970-484c-82ca-b90349ce1cd2_165220346.jpeg?h=225&w=225,Food Cupboard,"Table Sauces, Olives, Pickles & Chutney"
320990478,BrewDog Hazy Jane Tropic Ketchup 240ml,£2.50,£1.04/100ml,,,False,,False,,2,False,https://www.tesco.com/groceries/en-GB/products/320990478,https://digitalcontent.api.tesco.com/v2/media/ghs/1f99cce7-7fe1-46e4-a7e3-880d25cf15bf/79eaa2e3-b000-4e44-bd4b-cd7848376a67_1311532002.jpeg?h=225&w=225,Food Cupboard,"Table Sauces, Olives, Pickles & Chutney"
316072753,Cypressa Green Whole Nocellara Olives 290g,£2.30,£0.79/100g DR.WT,,,False,,False,,,False,https://www.tesco.com/groceries/en-GB/products/316072753,https://digitalcontent.api.tesco.com/v2/media/ghs/dff6fbd5-c1a1-4235-9bcc-7f8d8efd4af4/69d0b926-9f56-4e82-9464-5a660473766d_1323181930.jpeg?h=225&w=225,Food Cupboard,"Table Sauces, Olives, Pickles & Chutney"
314605225,Sarsons Sweet Onions 460G,£2.50,£1.02/100g DR.WT,£1.75 Clubcard Price,(£0.72/100g DR.WT),True,Offer valid for delivery from 19/03/2025 until 22/04/2025,False,4.7,10,False,https://www.tesco.com/groceries/en-GB/products/314605225,https://digitalcontent.api.tesco.com/v2/media/ghs/3c9d18dd-1a95-448c-b4d2-16654cf37168/1ac65f3d-dff6-4fdd-950c-88a99479334a_68645794.jpeg?h=225&w=225,Food Cupboard,"Table Sauces, Olives, Pickles & Chutney"
314102970,Sarsons Mixed Pickle 460G,£2.50,£1.04/100g DR.WT,£1.75 Clubcard Price,(£0.73/100g DR.WT),True,Offer valid for delivery from 19/03/2025 until 22/04/2025,False,4.4,14,False,https://www.tesco.com/groceries/en-GB/products/314102970,https://digitalcontent.api.tesco.com/v2/media/ghs/0c31089b-8e4a-455a-8b69-29c5f2bf4104/bff25c62-fa7f-45e9-b321-b0dc991ce0d3_43950575.jpeg?h=225&w=225,Food Cupboard,"Table Sauces, Olives, Pickles & Chutney"
315859357,Biona Organic Golden Tumeric Sauerkraut 350g,£2.50,£0.71/100g DR.WT,,,False,,False,,,False,https://www.tesco.com/groceries/en-GB/products/315859357,https://digitalcontent.api.tesco.com/v2/media/ghs/f9bc169c-192b-45b4-9a03-c8f4e14eb01a/20c29976-8914-487e-b313-fb21113da3dc_208756344.jpeg?h=225&w=225,Food Cupboard,"Table Sauces, Olives, Pickles & Chutney"
315973846,Biona Organic Ruby Beetroot Sauerkraut 350g,£2.50,£0.71/100g,,,False,,False,2.6,5,False,https://www.tesco.com/groceries/en-GB/products/315973846,https://digitalcontent.api.tesco.com/v2/media/ghs/0e0b3bf5-0203-45c0-8213-d0d78e2ce5f9/e66d8bee-9665-419a-a7b3-7834027b7fb5_1393542349.jpeg?h=225&w=225,Food Cupboard,"Table Sauces, Olives, Pickles & Chutney"
316808218,Heinz Tomato Ketchup Smokey Bacon Flavour 460g,£3.40,£0.74/100g,Any 2 for £5 Clubcard Price - Selected Heinz Sauces,,True,Offer valid for delivery from 18/04/2025 until 29/04/2025,False,4.4,14,False,https://www.tesco.com/groceries/en-GB/products/316808218,https://digitalcontent.api.tesco.com/v2/media/ghs/3c0eeafb-f4dd-4968-a57a-45fb23d52dcd/9eb57fe1-f448-417b-85a5-8c56c589cd38_2022392492.jpeg?h=225&w=225,Food Cupboard,"Table Sauces, Olives, Pickles & Chutney"
316063355,Peppadew Sweet Piquante Peppers Mild Whole 260g,£2.50,£0.96/100g DR.WT,,,False,,False,3.8,4,False,https://www.tesco.com/groceries/en-GB/products/316063355,https://digitalcontent.api.tesco.com/v2/media/ghs/dfeea5c7-eed4-42c2-9b3a-c9df73423f5b/14e1bf8c-dfee-431b-9153-bafd79b4f4b0_1728965428.jpeg?h=225&w=225,Food Cupboard,"Table Sauces, Olives, Pickles & Chutney"
315843407,Peppadew Sweet Piquante Peppers Hot Whole 260g,£2.50,£0.96/100g DR.WT,,,False,,False,,2,False,https://www.tesco.com/groceries/en-GB/products/315843407,https://digitalcontent.api.tesco.com/v2/media/ghs/641bf061-789f-4034-8fc8-c9c6be269133/4b4662ee-ead8-4439-a74f-5d02e37dbcab_1878695508.jpeg?h=225&w=225,Food Cupboard,"Table Sauces, Olives, Pickles & Chutney"
282242967,Fragata Marinated Stoneless Olives with Olive Oil & Garlic & Herbs,£1.45,£2.07/100g,,,False,,False,,1,False,https://www.tesco.com/groceries/en-GB/products/282242967,https://digitalcontent.api.tesco.com/v2/media/ghs/eb915822-4ef6-4feb-a601-cf862f4e1016/ff107771-387e-4538-b312-6f3a9848084d_856691838.jpeg?h=225&w=225,Food Cupboard,"Table Sauces, Olives, Pickles & Chutney"
264233274,Heinz Tomato Ketchup Squeezy 342G,£2.50,£0.73/100g,£2.00 Clubcard Price,(£0.58/100g),True,Offer valid for delivery from 16/04/2025 until 13/05/2025,False,4.3,9,False,https://www.tesco.com/groceries/en-GB/products/264233274,https://digitalcontent.api.tesco.com/v2/media/ghs/5c0573b6-6554-413a-9fad-a1f56870c22d/b3c71308-105c-4349-a4d0-3e198818fe2c_625248048.jpeg?h=225&w=225,Food Cupboard,"Table Sauces, Olives, Pickles & Chutney"
315384627,Heinz Tomato Ketchup Pickle Flavour 460g,£3.00,£0.65/100g,Any 2 for £5 Clubcard Price - Selected Heinz Sauces,,True,Offer valid for delivery from 18/04/2025 until 29/04/2025,False,4.3,48,False,https://www.tesco.com/groceries/en-GB/products/315384627,https://digitalcontent.api.tesco.com/v2/media/ghs/89fd0e82-ef3f-4947-a0ce-d88391f6f057/6e60e242-2e5e-4b44-ad0a-f969bed6fca6_1122036947.jpeg?h=225&w=225,Food Cupboard,"Table Sauces, Olives, Pickles & Chutney"
313513865,Fragata Halkidiki Olives With Garlic & Thyme 50G,£1.30,£2.60/100g,,,False,,False,,1,False,https://www.tesco.com/groceries/en-GB/products/313513865,https://digitalcontent.api.tesco.com/v2/media/ghs/e1fbac6d-4a76-4b6c-9164-9d5c4d3c2db5/e1302f96-7c60-41f6-940c-dd7e7414c5f6_1137803571.jpeg?h=225&w=225,Food Cupboard,"Table Sauces, Olives, Pickles & Chutney"
260064589,Colman's Original English Squeezy Mustard 150G,£1.90,£1.27/100g,,,False,,False,4.5,58,False,https://www.tesco.com/groceries/en-GB/products/260064589,https://digitalcontent.api.tesco.com/v2/media/ghs/655b0f7d-e1e2-4aa9-a5f7-3ac1af25f1c5/bf263e58-6b70-4ad8-a43a-5d8f946a8cb9_950487398.jpeg?h=225&w=225,Food Cupboard,"Table Sauces, Olives, Pickles & Chutney"
315573064,Fragata Marinated Stoneless Olives with Olive Oil & Hot Chilli 70g,£1.25,£1.79/100g,,,False,,False,2.5,2,False,https://www.tesco.com/groceries/en-GB/products/315573064,https://digitalcontent.api.tesco.com/v2/media/ghs/57ed2b26-965a-4875-8667-fec3a1806350/a2ab906d-9556-44e6-8541-aa3caf13eea8_1742513579.jpeg?h=225&w=225,Food Cupboard,"Table Sauces, Olives, Pickles & Chutney"
315963150,Aleyna Hot Chilli Peppers 470g,£1.35,£0.29/100g DR.WT,,,False,,False,,,False,https://www.tesco.com/groceries/en-GB/products/315963150,https://digitalcontent.api.tesco.com/v2/media/ghs/243d93d6-c92d-4bde-97e4-457d5bc51946/689824e2-e003-4afe-a6e7-c0b4655950e2_662072621.jpeg?h=225&w=225,Food Cupboard,"Table Sauces, Olives, Pickles & Chutney"
316319780,Fire Pit Buffanero Ketchup 280ml,£1.50,£0.54/100ml,,,False,,False,,,False,https://www.tesco.com/groceries/en-GB/products/316319780,https://digitalcontent.api.tesco.com/v2/media/ghs/7f3bb323-e998-4ae3-83c7-cd3770c1d86c/6a011d45-6ef6-4b6a-8bc6-9a45f2909be9_1485598130.jpeg?h=225&w=225,Food Cupboard,"Table Sauces, Olives, Pickles & Chutney"
321028419,Heinz Finely Chopped Tomatoes 400g,£1.25,£3.12/kg,75p Clubcard Price,(£1.88/kg),True,Offer valid for delivery from 16/04/2025 until 10/06/2025,False,4.8,13,False,https://www.tesco.com/groceries/en-GB/products/321028419,https://digitalcontent.api.tesco.com/v2/media/ghs/5adbb3bb-c56b-469a-8316-8bc6c86d01db/1f01a4a7-51d2-46dd-9f23-acfca1fa7ae1_1894736273.jpeg?h=225&w=225,Food Cupboard,"Table Sauces, Olives, Pickles & Chutney"
316054815,Blue Dragon Original Thai Sweet Chilli Dipping Sauce 535g,£3.50,£0.65/100g,,,False,,False,4.9,27,False,https://www.tesco.com/groceries/en-GB/products/316054815,https://digitalcontent.api.tesco.com/v2/media/ghs/ce23c077-b3ac-4a83-ae57-4934771eab0c/776919d8-6080-4646-8471-509869c04349_1329292719.jpeg?h=225&w=225,Food Cupboard,"Table Sauces, Olives, Pickles & Chutney"
311422929,Hellmann's Chilli Charger Mayonnaise Squeezy 250ml,£2.60,£1.04/100g,£2.00 Clubcard Price,(£0.80/100g),True,Offer valid for delivery from 16/04/2025 until 29/04/2025,False,4.3,29,False,https://www.tesco.com/groceries/en-GB/products/311422929,https://digitalcontent.api.tesco.com/v2/media/ghs/453da588-f2c0-4d86-8cad-b98029271489/5c7bdcc7-3f6f-4dc8-b20c-d7e372298481_29557147.jpeg?h=225&w=225,Food Cupboard,"Table Sauces, Olives, Pickles & Chutney"
316294818,Blue Dragon Original Thai Sweet Chilli Dipping Sauce 315g,£2.70,£0.86/100g,,,False,,False,,33,False,https://www.tesco.com/groceries/en-GB/products/316294818,https://digitalcontent.api.tesco.com/v2/media/ghs/3706386e-08e5-4efd-930c-21b439737170/e385decb-05a6-4906-aca8-1a2fab5ca01e_697300798.jpeg?h=225&w=225,Food Cupboard,"Table Sauces, Olives, Pickles & Chutney"
316436681,Blue Dragon Reduced Sugar Thai Sweet Chilli Dipping Sauce 295g,£2.70,£0.92/100g,,,False,,False,4.5,25,False,https://www.tesco.com/groceries/en-GB/products/316436681,https://digitalcontent.api.tesco.com/v2/media/ghs/a06cc14d-0d53-4f56-8071-b4815d29277a/d48441d9-81f4-4d85-a820-3837d3239088_626930523.jpeg?h=225&w=225,Food Cupboard,"Table Sauces, Olives, Pickles & Chutney"
316294536,Blue Dragon Mild Thai Sweet Chilli Dipping Sauce 315g,£2.70,£0.86/100g,,,False,,False,4.9,27,False,https://www.tesco.com/groceries/en-GB/products/316294536,https://digitalcontent.api.tesco.com/v2/media/ghs/35352f28-e59b-42a0-b7d2-ecf3d470acd5/199fd586-3d57-4bae-ba17-c2e4d335d1a5_630815087.jpeg?h=225&w=225,Food Cupboard,"Table Sauces, Olives, Pickles & Chutney"
316419039,Blue Dragon Hot Thai Sweet Chilli Dipping Sauce 315g,£2.70,£0.86/100g,,,False,,False,4.9,30,False,https://www.tesco.com/groceries/en-GB/products/316419039,https://digitalcontent.api.tesco.com/v2/media/ghs/6ccb47f5-9ee4-4036-8874-ad1ad262193a/f4023dde-f46e-4810-bd2f-5b07bf877cbd_177156757.jpeg?h=225&w=225,Food Cupboard,"Table Sauces, Olives, Pickles & Chutney"
306666360,Sauce Shop Buffalo Hot Sauce 150Ml,£2.80,£1.87/100ml,£2.30 Clubcard Price,(£1.53/100ml),True,Offer valid for delivery from 16/04/2025 until 29/04/2025,False,,9,False,https://www.tesco.com/groceries/en-GB/products/306666360,https://digitalcontent.api.tesco.com/v2/media/ghs/0f6e624b-1688-403a-ace4-4cdab5ccc7d5/1060159f-bef4-47e7-9070-ca44032add7a_1844428378.jpeg?h=225&w=225,Food Cupboard,"Table Sauces, Olives, Pickles & Chutney"
317053659,Sauce Shop Honey Sriracha Drizzle 190ml,£2.80,£1.47/100ml,£2.30 Clubcard Price,(£1.21/100ml),True,Offer valid for delivery from 16/04/2025 until 29/04/2025,False,,6,False,https://www.tesco.com/groceries/en-GB/products/317053659,https://digitalcontent.api.tesco.com/v2/media/ghs/1584ad45-64c3-4682-afa9-b374bec4bfb5/46963967-4568-48d6-a240-33860c041d75_365124021.jpeg?h=225&w=225,Food Cupboard,"Table Sauces, Olives, Pickles & Chutney"
257896616,Cardini's Original Caesar Salad Dressing 350ml,£2.75,£0.79/100ml,,,False,,False,3.5,4,False,https://www.tesco.com/groceries/en-GB/products/257896616,https://digitalcontent.api.tesco.com/v2/media/ghs/5c47984e-5c1a-476a-9409-a7afc71024e7/06c39c23-d922-4fb8-ba7d-4db47f454542_1567216000.jpeg?h=225&w=225,Food Cupboard,"Table Sauces, Olives, Pickles & Chutney"
312343474,Tesco Finest Caesar Dressing 225Ml,£2.25,£1.00/100ml,,,False,,False,,4,False,https://www.tesco.com/groceries/en-GB/products/312343474,https://digitalcontent.api.tesco.com/v2/media/ghs/00affeaa-b17e-4e53-8502-108da4899c7b/434504d6-3254-4604-9e12-fee421840fb9_500553088.jpeg?h=225&w=225,Food Cupboard,"Table Sauces, Olives, Pickles & Chutney"
293258834,Encona Indian Sweet Mango Chilli Sauce 142Ml,£1.75,£1.23/100ml,,,False,,False,,2,False,https://www.tesco.com/groceries/en-GB/products/293258834,https://digitalcontent.api.tesco.com/v2/media/ghs/06b853f7-9ffe-4d39-b49a-54e4c9308149/00667853-7916-4c9f-9ec4-5f850ed78c55_2120456256.jpeg?h=225&w=225,Food Cupboard,"Table Sauces, Olives, Pickles & Chutney"
315445700,Heinz Thai Style Sweet Chilli Dipping Sauce 495g,£3.40,£0.69/100g,Any 2 for £5 Clubcard Price - Selected Heinz Sauces,,True,Offer valid for delivery from 18/04/2025 until 29/04/2025,False,4.3,14,False,https://www.tesco.com/groceries/en-GB/products/315445700,https://digitalcontent.api.tesco.com/v2/media/ghs/b8b2cdd1-9a03-47d8-b71e-b7224c8979b2/081ae95d-bb84-4457-9038-67e4d5fea2b2_895604780.jpeg?h=225&w=225,Food Cupboard,"Table Sauces, Olives, Pickles & Chutney"
316937451,Dr. Will's Sriracha Mayo 245g,£3.50,£1.43/100g,£2.50 Clubcard Price,(£1.02/100g),True,Offer valid for delivery from 16/04/2025 until 29/04/2025,False,,16,False,https://www.tesco.com/groceries/en-GB/products/316937451,https://digitalcontent.api.tesco.com/v2/media/ghs/42c7c77e-df65-4893-8272-3db63adc325f/ed76f6cc-ec46-4b48-a886-640630c1b0b1_1861750919.jpeg?h=225&w=225,Food Cupboard,"Table Sauces, Olives, Pickles & Chutney"
315568641,Peppadew Spicy Onion Crunch 130g,£2.50,£1.92/100g,,,False,,False,4.7,3,False,https://www.tesco.com/groceries/en-GB/products/315568641,https://digitalcontent.api.tesco.com/v2/media/ghs/9bbe5377-d579-41dc-a61c-25b133f1f6e1/1157de33-c36e-4086-9f93-57501c22aa15_1448263349.jpeg?h=225&w=225,Food Cupboard,"Table Sauces, Olives, Pickles & Chutney"
315966129,Peppadew Spicy Chipotle Crunch 120g,£2.50,£2.08/100g,,,False,,False,3.2,4,False,https://www.tesco.com/groceries/en-GB/products/315966129,https://digitalcontent.api.tesco.com/v2/media/ghs/f9235f09-ea9a-4c0d-9a62-93203696a118/23ede117-e545-4cd8-94ff-667e577a7200_631906222.jpeg?h=225&w=225,Food Cupboard,"Table Sauces, Olives, Pickles & Chutney"
320974089,BrewDog Elvis Juice Hot Sauce 240ml,£2.50,£1.04/100ml,£2.00 Clubcard Price,(£0.83/100ml),True,Offer valid for delivery from 16/04/2025 until 10/06/2025,False,,7,False,https://www.tesco.com/groceries/en-GB/products/320974089,https://digitalcontent.api.tesco.com/v2/media/ghs/e6969227-3f6a-48df-96a2-64f1a1a0ae1e/0fc712e3-4f12-4fcb-8ce1-00fa621a64e0_754870355.jpeg?h=225&w=225,Food Cupboard,"Table Sauces, Olives, Pickles & Chutney"
315466427,Branston Small Chunk Piccalilli 360g,£2.20,£0.61/100g,,,False,,False,3.2,5,False,https://www.tesco.com/groceries/en-GB/products/315466427,https://digitalcontent.api.tesco.com/v2/media/ghs/b4d08a64-69cc-4929-891e-a0e510fe68f9/66951b8f-36b0-4225-9b32-ba6229e39422_1012584278.jpeg?h=225&w=225,Food Cupboard,"Table Sauces, Olives, Pickles & Chutney"
321035629,BrewDog Black Heart Onion Relish 275g,£2.50,£0.91/100g,,,False,,False,,1,False,https://www.tesco.com/groceries/en-GB/products/321035629,https://digitalcontent.api.tesco.com/v2/media/ghs/8b047710-4d5a-439b-9382-d51ad024db9d/14b3d595-0eb3-409a-8619-8c4aab51173b_444805709.jpeg?h=225&w=225,Food Cupboard,"Table Sauces, Olives, Pickles & Chutney"
320974204,BrewDog Wingman Buffalo Sauce 240ml,£2.50,£1.04/100ml,,,False,,False,,18,False,https://www.tesco.com/groceries/en-GB/products/320974204,https://digitalcontent.api.tesco.com/v2/media/ghs/bc3cef59-ca9a-4355-8222-01ae377b5714/91ff483f-b790-489b-9f32-a72cb5bf6096_1241045714.jpeg?h=225&w=225,Food Cupboard,"Table Sauces, Olives, Pickles & Chutney"
320387375,Sharwood's Street Food Mango Chutney with Chilli 227g,£2.25,£9.91/kg,,,False,,False,4.8,29,False,https://www.tesco.com/groceries/en-GB/products/320387375,https://digitalcontent.api.tesco.com/v2/media/ghs/0153082d-1c5b-4ff1-a94b-93d294923474/0dc5aecb-8683-4e7d-a2cc-efcb48e12216_981699274.jpeg?h=225&w=225,Food Cupboard,"Table Sauces, Olives, Pickles & Chutney"
321051477,BrewDog Hazy Jane Tropic Relish 275g,£2.50,£0.91/100g,,,False,,False,,2,False,https://www.tesco.com/groceries/en-GB/products/321051477,https://digitalcontent.api.tesco.com/v2/media/ghs/19fdd8a5-e7a0-4083-94cc-a97f95ef4691/720ec284-f31d-4d3e-9ec0-e822c461eff6_1213811505.jpeg?h=225&w=225,Food Cupboard,"Table Sauces, Olives, Pickles & Chutney"
300901472,Pizza Express Honey & Mustard Dressing 235Ml,£2.50,£1.06/100ml,,,False,,False,,2,False,https://www.tesco.com/groceries/en-GB/products/300901472,https://digitalcontent.api.tesco.com/v2/media/ghs/395309cd-e8c5-40da-8cce-9570d2fc368a/a754309d-576f-4aa1-a626-97e3db9eb8e4_974486810.jpeg?h=225&w=225,Food Cupboard,"Table Sauces, Olives, Pickles & Chutney"
315384875,Dr. Will's Jalapeno Hot Sauce 270g,£3.50,£1.30/100g,,,False,,False,4.7,46,False,https://www.tesco.com/groceries/en-GB/products/315384875,https://digitalcontent.api.tesco.com/v2/media/ghs/58f6037e-e885-456d-9915-58272335deb9/9bdc4a5c-fd7f-400e-af36-f406bab359d3_1145091425.jpeg?h=225&w=225,Food Cupboard,"Table Sauces, Olives, Pickles & Chutney"
317556047,Dr. Will's Sriracha Hot Sauce 275g,£3.50,£1.27/100g,,,False,,False,4.5,6,False,https://www.tesco.com/groceries/en-GB/products/317556047,https://digitalcontent.api.tesco.com/v2/media/ghs/6c70dd6e-14e1-4db9-992c-dd34ea337e4e/d7b67f6d-2826-4cee-af72-06828fb3d7e8_1896892718.jpeg?h=225&w=225,Food Cupboard,"Table Sauces, Olives, Pickles & Chutney"
316068816,"Polli Italian Salad Topper Borlotti Beans, Mushrooms and Olive in Oil 190g",£2.45,£1.29/100g DR.WT,,,False,,False,2.7,3,False,https://www.tesco.com/groceries/en-GB/products/316068816,https://digitalcontent.api.tesco.com/v2/media/ghs/ad095b52-0d44-4f88-a9dd-28e0f2459297/190f33be-4894-4de8-a132-6e1e70a3a3c2_1742880858.jpeg?h=225&w=225,Food Cupboard,"Table Sauces, Olives, Pickles & Chutney"
315744588,Encona Mexican Jalapeno Chilli Jam 285mL,£2.00,£0.70/100ml,,,False,,False,,2,False,https://www.tesco.com/groceries/en-GB/products/315744588,https://digitalcontent.api.tesco.com/v2/media/ghs/b8c2e645-2d13-4df2-aee5-e7ef41d65545/2214cadc-3fec-44b6-a8bb-68a95af1f660_270559894.jpeg?h=225&w=225,Food Cupboard,"Table Sauces, Olives, Pickles & Chutney"
315836727,"Polli Italian Salad Topper Chickpeas, Olives and Cherry Tomatoes in Oil 190g",£2.45,£1.29/100g,,,False,,False,,1,False,https://www.tesco.com/groceries/en-GB/products/315836727,https://digitalcontent.api.tesco.com/v2/media/ghs/a48a31cb-459c-4eb8-990f-770645d9f6bc/1b7b644a-a2d2-4a06-acf9-1173984d81af_905659110.jpeg?h=225&w=225,Food Cupboard,"Table Sauces, Olives, Pickles & Chutney"
312090227,Hellmann's Real Thousand Island Salad Dressing & Dip Sauce 250ml,£1.50,£0.60/100g,,,False,,False,4.6,31,False,https://www.tesco.com/groceries/en-GB/products/312090227,https://digitalcontent.api.tesco.com/v2/media/ghs/51c3a330-b3d9-4543-84fb-45675267a092/4b30dc13-539b-4f17-89cd-aefd7d0125f6_12618521.jpeg?h=225&w=225,Food Cupboard,"Table Sauces, Olives, Pickles & Chutney"
300523527,Crucials Yogurt & Mint Sauce 500Ml,£1.30,£0.26/100ml,,,False,,False,,,False,https://www.tesco.com/groceries/en-GB/products/300523527,https://digitalcontent.api.tesco.com/v2/media/ghs/73a8b0d4-8be9-4e0a-a8b1-7323eb52f76f/039f7c8f-6b49-4b41-aed2-600fa429a918_2016847384.jpeg?h=225&w=225,Food Cupboard,"Table Sauces, Olives, Pickles & Chutney"
315565448,Stockwell & Co Mint Sauce 175g,£0.53,£0.30/100g,,,False,,False,2.3,3,False,https://www.tesco.com/groceries/en-GB/products/315565448,https://digitalcontent.api.tesco.com/v2/media/ghs/75061ec3-59eb-4ff6-ad21-22c0ec0255b5/3776e900-a0cf-4188-978f-a19b47bbdf3f_134608670.jpeg?h=225&w=225,Food Cupboard,"Table Sauces, Olives, Pickles & Chutney"
315568217,Stockwell & Co Horseradish Sauce 175g,£0.65,£0.37/100g,,,False,,False,2.7,10,False,https://www.tesco.com/groceries/en-GB/products/315568217,https://digitalcontent.api.tesco.com/v2/media/ghs/062443b3-f879-4c1d-a1ee-200e1f91e288/9a0616b0-594e-40f4-888d-d927e9752f98_1440310691.jpeg?h=225&w=225,Food Cupboard,"Table Sauces, Olives, Pickles & Chutney"
312091356,Tesco Chargrilled Peppers 285g,£2.60,£0.91/100g,,,False,,False,,,False,https://www.tesco.com/groceries/en-GB/products/312091356,https://digitalcontent.api.tesco.com/v2/media/ghs/1426f600-9883-42fe-a10e-88ca74a7e7bf/62c133fa-6c6b-4e1d-8d05-4d6f0eac1629_1751249078.jpeg?h=225&w=225,Food Cupboard,"Table Sauces, Olives, Pickles & Chutney"
316052466,Polli Capers in Vinegar Capotes 190g,£2.35,£1.96/100g DR.WT,,,False,,False,,,False,https://www.tesco.com/groceries/en-GB/products/316052466,https://digitalcontent.api.tesco.com/v2/media/ghs/c2c682b9-7f70-4eba-9485-f1a806246445/58e92238-734b-4f54-bc38-373937684132_1875316818.jpeg?h=225&w=225,Food Cupboard,"Table Sauces, Olives, Pickles & Chutney"
312999325,Tesco Cream Cheese Stuffed Peppers 290G,£3.25,£1.48/100g DR.WT,,,False,,False,3.3,3,False,https://www.tesco.com/groceries/en-GB/products/312999325,https://digitalcontent.api.tesco.com/v2/media/ghs/27031ff3-3b29-4f59-8fe0-b5bdc0c1bd0c/a5d2a424-1ff7-4408-bf5e-70717b026caf_1452234795.jpeg?h=225&w=225,Food Cupboard,"Table Sauces, Olives, Pickles & Chutney"
316537803,Hunter & Gather Avocado Oil Mayonnaise Classic 175g,£4.00,£2.29/100g,,,False,,False,4.5,8,False,https://www.tesco.com/groceries/en-GB/products/316537803,https://digitalcontent.api.tesco.com/v2/media/ghs/777ea099-a9d1-4d93-ba0b-1aa594b44e6b/6ea7c739-fb64-4648-af1f-ef7db1138f53_1487367168.jpeg?h=225&w=225,Food Cupboard,"Table Sauces, Olives, Pickles & Chutney"
316423379,Hunter & Gather Avocado Oil Mayonnaise Garlic 175g,£4.00,£2.29/100g,,,False,,False,,2,False,https://www.tesco.com/groceries/en-GB/products/316423379,https://digitalcontent.api.tesco.com/v2/media/ghs/d073620d-9670-47be-9976-e44a432a4c16/5781d7d0-e2c6-4b17-bdec-f787b340d9a6_1637019100.jpeg?h=225&w=225,Food Cupboard,"Table Sauces, Olives, Pickles & Chutney"
316952757,Hunter & Gather Avocado Oil Mayonnaise Chipotle & Lime 175g,£4.00,£2.29/100g,,,False,,False,,1,False,https://www.tesco.com/groceries/en-GB/products/316952757,https://digitalcontent.api.tesco.com/v2/media/ghs/ab194766-0533-4975-8db2-8f5c979d6d2a/d8d6e190-72a3-4dd7-a40c-7b58211ef7da_822583797.jpeg?h=225&w=225,Food Cupboard,"Table Sauces, Olives, Pickles & Chutney"
313622937,Polli Sliced Sundried Tomatoes in Oil 190g,£2.45,£2.45/100g DR.WT,,,False,,False,2.9,9,False,https://www.tesco.com/groceries/en-GB/products/313622937,https://digitalcontent.api.tesco.com/v2/media/ghs/eadf8f57-0705-4fe3-8185-d2fceccab317/fb40e99b-c71e-41cf-a473-618748909a1c_1031666875.jpeg?h=225&w=225,Food Cupboard,"Table Sauces, Olives, Pickles & Chutney"
313004270,Tesco Slow Roasted Tomatoes 285G,£3.00,£2.07/100g DR.WT,,,False,,False,,2,False,https://www.tesco.com/groceries/en-GB/products/313004270,https://digitalcontent.api.tesco.com/v2/media/ghs/e7dc85f0-739b-41b5-b9c6-200a324a722e/19e77ae6-46bd-42da-95f7-8cadc3d24d4c_864262694.jpeg?h=225&w=225,Food Cupboard,"Table Sauces, Olives, Pickles & Chutney"
254884595,Hellmann's Real Mayonnaise Jar 600g,£3.50,£0.58/100g,£3.00 Clubcard Price,(£0.50/100g),True,Offer valid for delivery from 16/04/2025 until 29/04/2025,False,4.2,358,False,https://www.tesco.com/groceries/en-GB/products/254884595,https://digitalcontent.api.tesco.com/v2/media/ghs/9941f056-e724-4f9a-81a4-fd92767adbd1/8296e311-0068-4c87-8efc-cacd7957ba2d_1686604848.jpeg?h=225&w=225,Food Cupboard,"Table Sauces, Olives, Pickles & Chutney"
317399238,Tesco Finest Italian Sundried Tomatoes with Basil 280g,£3.65,£1.30/100g DR.WT,,,False,,False,,1,False,https://www.tesco.com/groceries/en-GB/products/317399238,https://digitalcontent.api.tesco.com/v2/media/ghs/9483a7e8-84f9-4c18-9f0e-ff75f0e91a5d/1b7f2d80-4807-4404-a4df-42a551040241_1872604076.jpeg?h=225&w=225,Food Cupboard,"Table Sauces, Olives, Pickles & Chutney"
257202581,Hellmann's Light Mayonnaise Jar 600g,£3.50,£0.58/100g,£3.00 Clubcard Price,(£0.50/100g),True,Offer valid for delivery from 16/04/2025 until 29/04/2025,False,4.5,404,False,https://www.tesco.com/groceries/en-GB/products/257202581,https://digitalcontent.api.tesco.com/v2/media/ghs/c0aefe5b-375b-4b1e-a973-e1917ad973ef/79d8c5ab-1837-4979-a02b-a3df90696060_1402936949.jpeg?h=225&w=225,Food Cupboard,"Table Sauces, Olives, Pickles & Chutney"
316069547,Polli Artichokes & Tomatoes in Oil Antipasti 190g,£2.45,£1.29/100g DR.WT,,,False,,False,,,False,https://www.tesco.com/groceries/en-GB/products/316069547,https://digitalcontent.api.tesco.com/v2/media/ghs/90eb273e-f21a-4e17-a8e9-b631574e07f4/56206174-5073-4e66-9deb-830cb74c3c2b_1328121929.jpeg?h=225&w=225,Food Cupboard,"Table Sauces, Olives, Pickles & Chutney"
315392560,Polli Sundried Cherry Tomatoes 190g,£2.45,£1.29/100g DR.WT,,,False,,False,,,False,https://www.tesco.com/groceries/en-GB/products/315392560,https://digitalcontent.api.tesco.com/v2/media/ghs/d7547970-d2eb-4540-9fa6-19883ebd07e9/bebf07b0-b120-4b8b-bfc8-badbb6b24737_1814794030.jpeg?h=225&w=225,Food Cupboard,"Table Sauces, Olives, Pickles & Chutney"
308088303,Hellmann’s Vegan Garlic Mayonnaise Jar 270g,£2.65,£0.98/100g,,,False,,False,4.8,31,False,https://www.tesco.com/groceries/en-GB/products/308088303,https://digitalcontent.api.tesco.com/v2/media/ghs/16ee9a00-564a-4194-81fc-ae8abd4596d2/97c2a0cc-2249-4bef-9792-a114e5a709eb_209749837.jpeg?h=225&w=225,Food Cupboard,"Table Sauces, Olives, Pickles & Chutney"
314120677,Nando's Peri-BBQ Sauce 275g,£2.70,£0.98/100g,,,False,,False,4.4,5,False,https://www.tesco.com/groceries/en-GB/products/314120677,https://digitalcontent.api.tesco.com/v2/media/ghs/41dca69c-200c-4f8f-8ea3-a8de7507925d/76971bf5-e6f4-4eca-8692-3e3447acad55_1475534469.jpeg?h=225&w=225,Food Cupboard,"Table Sauces, Olives, Pickles & Chutney"
317539615,Sauce Shop Honey Chipotle BBQ Sauce 340g,£2.80,£0.82/100g,,,False,,False,,,False,https://www.tesco.com/groceries/en-GB/products/317539615,https://digitalcontent.api.tesco.com/v2/media/ghs/342420aa-3e82-4a0f-96f9-623b7c91cef5/6abadab0-d7e4-42d0-9c69-54b41ae8d52a_1925282563.jpeg?h=225&w=225,Food Cupboard,"Table Sauces, Olives, Pickles & Chutney"
316536234,Sauce Shop Original Hot Sauce 160ml,£2.80,£1.75/100ml,£2.30 Clubcard Price,(£1.44/100ml),True,Offer valid for delivery from 16/04/2025 until 29/04/2025,False,4.8,6,False,https://www.tesco.com/groceries/en-GB/products/316536234,https://digitalcontent.api.tesco.com/v2/media/ghs/9a28c903-1e09-465a-adeb-15db689b0bb4/dce9bbdd-b217-4bdb-95e6-e24f3ebaba00_579869101.jpeg?h=225&w=225,Food Cupboard,"Table Sauces, Olives, Pickles & Chutney"
314318824,The Foraging Fox Avocado & Lemon Mayonnaise 240G,£3.50,£1.46/100g,£2.80 Clubcard Price,(£1.17/100g),True,Offer valid for delivery from 22/02/2025 until 24/04/2025,False,3.8,13,False,https://www.tesco.com/groceries/en-GB/products/314318824,https://digitalcontent.api.tesco.com/v2/media/ghs/b078b01f-1554-4b65-b774-57dc9da80cca/8f4e67c7-f307-4be7-840e-9c901a35d432_1221993700.jpeg?h=225&w=225,Food Cupboard,"Table Sauces, Olives, Pickles & Chutney"
315750816,The Foraging Fox - Smoked Jalapeno Mayo 240g,£3.50,£1.46/100g,£2.80 Clubcard Price,(£1.17/100g),True,Offer valid for delivery from 22/02/2025 until 24/04/2025,False,4.3,6,False,https://www.tesco.com/groceries/en-GB/products/315750816,https://digitalcontent.api.tesco.com/v2/media/ghs/d00ba960-7d8d-47b0-972b-dadc24deecc4/1b6f71fb-189f-4986-8da9-5f23ac68064f_1107353853.jpeg?h=225&w=225,Food Cupboard,"Table Sauces, Olives, Pickles & Chutney"
321236403,Hellmann's Spicy Ranch Mayo 245g,£2.60,£1.06/100g,£2.00 Clubcard Price,(£0.82/100g),True,Offer valid for delivery from 16/04/2025 until 29/04/2025,False,,,False,https://www.tesco.com/groceries/en-GB/products/321236403,https://digitalcontent.api.tesco.com/v2/media/ghs/f25e2f5b-f302-4c82-910b-69cf87cc221f/94f197ff-7e7d-46ce-8528-93464734ed88_214473432.jpeg?h=225&w=225,Food Cupboard,"Table Sauces, Olives, Pickles & Chutney"
321214545,Hellmann's Creamy Ranch Mayo 245g,£2.60,£1.06/100g,£2.00 Clubcard Price,(£0.82/100g),True,Offer valid for delivery from 16/04/2025 until 29/04/2025,False,,,False,https://www.tesco.com/groceries/en-GB/products/321214545,https://digitalcontent.api.tesco.com/v2/media/ghs/426401ac-24dc-4d7c-ba8a-cd878a8f778a/f60b5c57-14d5-4609-b696-c31255a9fc93_1309053146.jpeg?h=225&w=225,Food Cupboard,"Table Sauces, Olives, Pickles & Chutney"
315970596,Polli Peppers In Oil Sundried 185g,£2.35,£1.27/100g DR.WT,,,False,,False,,,False,https://www.tesco.com/groceries/en-GB/products/315970596,https://digitalcontent.api.tesco.com/v2/media/ghs/21b11445-c058-4653-b6f8-e5d820502d16/8d2b613f-0a03-4585-8d17-6c4128727c8f_2015486832.jpeg?h=225&w=225,Food Cupboard,"Table Sauces, Olives, Pickles & Chutney"
314419463,Hellmann's Real Mayonnaise Squeezy 580ml,£2.75,£0.47/100ml,,,False,,False,4.2,356,False,https://www.tesco.com/groceries/en-GB/products/314419463,https://digitalcontent.api.tesco.com/v2/media/ghs/eb261be8-9a9e-4f07-8581-bd847c2e7fff/130b50c5-50a6-4d50-85f3-cf5909679261_940800383.jpeg?h=225&w=225,Food Cupboard,"Table Sauces, Olives, Pickles & Chutney"
267880026,Hellmann's Garlic Squeezy Mayonnaise 250Ml,£2.60,£1.04/100ml,£2.00 Clubcard Price,(£0.80/100ml),True,Offer valid for delivery from 16/04/2025 until 29/04/2025,False,4.6,46,False,https://www.tesco.com/groceries/en-GB/products/267880026,https://digitalcontent.api.tesco.com/v2/media/ghs/4998ff63-0a0b-46c5-9464-e0582cc6b333/fec55e82-6d17-4eb3-b343-e26bc621cd51_102282529.jpeg?h=225&w=225,Food Cupboard,"Table Sauces, Olives, Pickles & Chutney"
314299237,Hellmann's Light Mayonnaise Squeezy 580ml,£2.75,£0.47/100ml,,,False,,False,4.5,401,False,https://www.tesco.com/groceries/en-GB/products/314299237,https://digitalcontent.api.tesco.com/v2/media/ghs/fbbb5a5c-bcea-4818-bcdd-11af0b0534d5/2b76b83c-d894-4131-a044-c52ac8d42a24_1533832198.jpeg?h=225&w=225,Food Cupboard,"Table Sauces, Olives, Pickles & Chutney"
320805953,BrewDog Lost Lager Patriot Mustard 240ml,£2.50,£1.04/100ml,£2.00 Clubcard Price,(£0.83/100ml),True,Offer valid for delivery from 16/04/2025 until 10/06/2025,False,,9,False,https://www.tesco.com/groceries/en-GB/products/320805953,https://digitalcontent.api.tesco.com/v2/media/ghs/f502db17-6847-4459-b2d5-efe640356f7e/6191201a-87df-42c1-a681-7490df70a1e2_18451149.jpeg?h=225&w=225,Food Cupboard,"Table Sauces, Olives, Pickles & Chutney"
315965424,Fragata Stoneless Green Olives Filled with Pimiento 340g,£1.95,£0.57/100g DR.WT,,,False,,False,,,False,https://www.tesco.com/groceries/en-GB/products/315965424,https://digitalcontent.api.tesco.com/v2/media/ghs/32d0faa8-26bf-498d-8a13-4442c2c6e24a/030b15c5-da0e-46c1-bae9-a931201c27c7_2091653159.jpeg?h=225&w=225,Food Cupboard,"Table Sauces, Olives, Pickles & Chutney"
292046355,Heinz Seriously Good Mayonnaise 395G,£2.40,£0.61/100g,£2.00 Clubcard Price,(£0.51/100g),True,Offer valid for delivery from 16/04/2025 until 13/05/2025,False,4.5,140,False,https://www.tesco.com/groceries/en-GB/products/292046355,https://digitalcontent.api.tesco.com/v2/media/ghs/63d7b552-3930-47f5-9b10-6fd932db955d/d41a14a0-c7fd-4217-a86d-13fc7316f8d6_933346327.jpeg?h=225&w=225,Food Cupboard,"Table Sauces, Olives, Pickles & Chutney"
316053217,Cypressa Stuffed Olives With Garlic & Pepper 315g,£2.30,£0.73/100g DR.WT,,,False,,False,,2,False,https://www.tesco.com/groceries/en-GB/products/316053217,https://digitalcontent.api.tesco.com/v2/media/ghs/c2e7b415-4cc3-4f3b-993c-e827856b5616/7b9b559e-9bf8-4d52-a15b-ff9e26f518cf_283159262.jpeg?h=225&w=225,Food Cupboard,"Table Sauces, Olives, Pickles & Chutney"
317052891,Tesco Finest Sundried Tomato Balsamic Tapenade 190G,£2.10,£11.05/kg,,,False,,False,,,False,https://www.tesco.com/groceries/en-GB/products/317052891,https://digitalcontent.api.tesco.com/v2/media/ghs/3ffbc8fd-0959-4288-b6eb-d89c9b9950d0/70e91f00-d9c6-45cb-bb08-6ff90ee3c72e_853441707.jpeg?h=225&w=225,Food Cupboard,"Table Sauces, Olives, Pickles & Chutney"
292046545,Heinz Seriously Good Light Mayonnaise 420g,£2.40,£0.57/100g,£2.00 Clubcard Price,(£0.48/100g),True,Offer valid for delivery from 16/04/2025 until 13/05/2025,False,3.6,18,False,https://www.tesco.com/groceries/en-GB/products/292046545,https://digitalcontent.api.tesco.com/v2/media/ghs/317a6316-3a52-4480-afaa-0db112f34e3a/97fb8c48-bdfc-476a-8525-4a8d26a50e77_964234945.jpeg?h=225&w=225,Food Cupboard,"Table Sauces, Olives, Pickles & Chutney"
316436827,Tesco Finest Balsamic Pomegranate Vinaigrette 235ml,£2.25,£0.96/100ml,,,False,,False,,,False,https://www.tesco.com/groceries/en-GB/products/316436827,https://digitalcontent.api.tesco.com/v2/media/ghs/4b6bbd12-11c0-40b1-9170-581d16a2fb9c/9ee8e080-723d-4853-891c-a930a819c8cf_1254876773.jpeg?h=225&w=225,Food Cupboard,"Table Sauces, Olives, Pickles & Chutney"
312719042,Fire Pit Kansas Style BBQ Sauce 300g,£1.70,£0.57/100g,,,False,,False,3.7,3,False,https://www.tesco.com/groceries/en-GB/products/312719042,https://digitalcontent.api.tesco.com/v2/media/ghs/9a83a760-4fc7-45e1-870f-b6bae228a350/b7c1d2c6-8ada-48f1-a92a-b072d867bc2c_1842001846.jpeg?h=225&w=225,Food Cupboard,"Table Sauces, Olives, Pickles & Chutney"
311676974,Tesco American Inspired Mustard 310G,£1.65,£0.53/100g,,,False,,False,,13,False,https://www.tesco.com/groceries/en-GB/products/311676974,https://digitalcontent.api.tesco.com/v2/media/ghs/37de5712-22c9-4ff5-be26-99271f244e37/a2708d85-d8df-4d73-851b-85ff7663189d_1774759007.jpeg?h=225&w=225,Food Cupboard,"Table Sauces, Olives, Pickles & Chutney"
292053219,Heinz Seriously Good Light Mayonnaise 490g,£2.50,£0.51/100g,,,False,,False,4.7,7,False,https://www.tesco.com/groceries/en-GB/products/292053219,https://digitalcontent.api.tesco.com/v2/media/ghs/e58e9439-0daa-451f-b27a-1cb6cd862dbe/5824fe38-aaa2-48e6-b5d3-a735370c84af_632408192.jpeg?h=225&w=225,Food Cupboard,"Table Sauces, Olives, Pickles & Chutney"
296241336,Levi Roots Reggae Jerk Bbq Sauce 330G,£2.15,£0.65/100g,,,False,,False,3.3,11,False,https://www.tesco.com/groceries/en-GB/products/296241336,https://digitalcontent.api.tesco.com/v2/media/ghs/d7857766-8fd8-4595-a661-a0ecfc0a6a12/487782f6-4565-40b5-a14c-8cc2e79c5303_642521965.jpeg?h=225&w=225,Food Cupboard,"Table Sauces, Olives, Pickles & Chutney"
311682148,Hellmann's Fat Free Vinaigrette Salad Dressing 250ml,£1.50,£0.60/100ml,,,False,,False,4.3,32,False,https://www.tesco.com/groceries/en-GB/products/311682148,https://digitalcontent.api.tesco.com/v2/media/ghs/a810784f-1fe8-44ea-8abd-afccfeefc894/bc2f2b51-9210-4b9a-93d6-7ba6c4c6a3fa_1610286492.jpeg?h=225&w=225,Food Cupboard,"Table Sauces, Olives, Pickles & Chutney"
318083610,Crucials Korean Style BBQ Sauce 500ml,£1.30,£0.26/100ml,,,False,,False,,,False,https://www.tesco.com/groceries/en-GB/products/318083610,https://digitalcontent.api.tesco.com/v2/media/ghs/8bf511d7-a779-4437-a9f7-8d1b098cf73c/186066f3-cccb-4baa-abdc-7a4db3f3a129_885590278.jpeg?h=225&w=225,Food Cupboard,"Table Sauces, Olives, Pickles & Chutney"
316791950,Stockwell & Co Brown Sauce 425 g,£0.92,£0.22/100g,,,False,,False,,1,False,https://www.tesco.com/groceries/en-GB/products/316791950,https://digitalcontent.api.tesco.com/v2/media/ghs/112d7ed2-f008-4c25-ba4f-a5c54cc1f1b2/72edca52-08c5-4ea0-856a-54f7998ffe68_1437213579.jpeg?h=225&w=225,Food Cupboard,"Table Sauces, Olives, Pickles & Chutney"
315455106,Stockwell & Co Tartare Sauce 175g,£0.65,£0.37/100g,,,False,,False,4.5,11,False,https://www.tesco.com/groceries/en-GB/products/315455106,https://digitalcontent.api.tesco.com/v2/media/ghs/1dd3469a-ce38-479b-9805-e68dd932e3c1/f3deeeb9-1633-4759-83f2-5d6e143b7716_1797455763.jpeg?h=225&w=225,Food Cupboard,"Table Sauces, Olives, Pickles & Chutney"
315344572,Stockwell & Co Apple Sauce 270g,£0.69,£0.26/100g,,,False,,False,3.6,13,False,https://www.tesco.com/groceries/en-GB/products/315344572,https://digitalcontent.api.tesco.com/v2/media/ghs/2822537a-80ed-43ce-9d5c-905ef6156cac/49a28008-4ad0-4a48-ab1c-f69f947f9d61_1054070079.jpeg?h=225&w=225,Food Cupboard,"Table Sauces, Olives, Pickles & Chutney"
316067731,Cypressa Aubergine & Feta Meze 175g,£3.00,£1.71/100g,,,False,,False,,,False,https://www.tesco.com/groceries/en-GB/products/316067731,https://digitalcontent.api.tesco.com/v2/media/ghs/92b22a7e-0499-4cb7-a52b-e40278f41735/0e1f2785-edb0-47b9-9f13-bbbfd0a18295_609983220.jpeg?h=225&w=225,Food Cupboard,"Table Sauces, Olives, Pickles & Chutney"
315373404,Maille Hollandaise Sauce 185G,£3.00,£1.62/100g,,,False,,False,,,False,https://www.tesco.com/groceries/en-GB/products/315373404,https://digitalcontent.api.tesco.com/v2/media/ghs/55008d63-8fcd-4658-bf71-887e2876f296/0bbc5c1e-0785-4fd7-9814-c2c1be0ccaec_1294830844.jpeg?h=225&w=225,Food Cupboard,"Table Sauces, Olives, Pickles & Chutney"
316066277,"Cypressa Sundried Tomato, Feta & Kalamata Olive Tapenade 175g",£3.00,£1.71/100g,,,False,,False,,3,False,https://www.tesco.com/groceries/en-GB/products/316066277,https://digitalcontent.api.tesco.com/v2/media/ghs/5ecdbcdd-c257-47f1-9a74-67be27bb440b/88c0a213-ee13-4c19-abc3-00157603bee8_2117498559.jpeg?h=225&w=225,Food Cupboard,"Table Sauces, Olives, Pickles & Chutney"
306945709,Nando's Perinaise Hot 465G,£3.75,£0.81/100g,,,False,,False,,,False,https://www.tesco.com/groceries/en-GB/products/306945709,https://digitalcontent.api.tesco.com/v2/media/ghs/842afa30-c57a-4779-9555-70c6f1252664/b2c5883f-7e1f-4e35-9098-1c49637c3b38_606731037.jpeg?h=225&w=225,Food Cupboard,"Table Sauces, Olives, Pickles & Chutney"
317052142,Hellmann's Plant Based Mayo 400g,£3.40,£0.85/100g,,,False,,False,4.4,28,False,https://www.tesco.com/groceries/en-GB/products/317052142,https://digitalcontent.api.tesco.com/v2/media/ghs/e78e8d5d-0dc4-4574-a046-8fd79358c17a/f8e35581-ca93-49f6-a0b2-8debd1d46a51_2064120540.jpeg?h=225&w=225,Food Cupboard,"Table Sauces, Olives, Pickles & Chutney"
312700757,Tesco Chargrilled Mixed Antipasti 280G,£3.00,£1.88/100g DR.WT,,,False,,False,3.7,3,False,https://www.tesco.com/groceries/en-GB/products/312700757,https://digitalcontent.api.tesco.com/v2/media/ghs/59ca0fe4-2959-43ed-bd16-802f759e6b34/f5daf3a5-da0c-432a-8c6e-36786252b352_1208813134.jpeg?h=225&w=225,Food Cupboard,"Table Sauces, Olives, Pickles & Chutney"
316059695,Belazu Flavour Hacks Roasted Garlic 130g,£3.30,£2.54/100g,,,False,,False,,21,False,https://www.tesco.com/groceries/en-GB/products/316059695,https://digitalcontent.api.tesco.com/v2/media/ghs/0c920f5f-a9b4-4874-bdb0-e6bd20cf6564/f7920dfb-3266-440d-8840-7472eb3adccf_1679801645.jpeg?h=225&w=225,Food Cupboard,"Table Sauces, Olives, Pickles & Chutney"
315961198,Belazu Flavour Hacks Caramelised Onion 130g,£3.30,£2.54/100g,,,False,,False,4.9,19,False,https://www.tesco.com/groceries/en-GB/products/315961198,https://digitalcontent.api.tesco.com/v2/media/ghs/009a1348-2aa7-4e5e-80b9-acabc902d277/fe1be75e-e771-4311-9fa0-05fde0a1b5c0_399929472.jpeg?h=225&w=225,Food Cupboard,"Table Sauces, Olives, Pickles & Chutney"
292462858,Hellmann's Garlic & Herb Sauce Squeezy 250ml,£2.60,£1.04/100ml,,,False,,False,4.4,45,False,https://www.tesco.com/groceries/en-GB/products/292462858,https://digitalcontent.api.tesco.com/v2/media/ghs/c8f8b5ce-a3ee-42f1-9880-e178337cce01/44adf7d6-885f-47ab-bfb4-a5f217f82c10_1745967361.jpeg?h=225&w=225,Food Cupboard,"Table Sauces, Olives, Pickles & Chutney"
316538917,Heinz x Morley’s Fried Chicken Sauce 420g,£3.40,£0.81/100g,Any 2 for £5 Clubcard Price - Selected Heinz Sauces,,True,Offer valid for delivery from 18/04/2025 until 29/04/2025,False,4.6,50,False,https://www.tesco.com/groceries/en-GB/products/316538917,https://digitalcontent.api.tesco.com/v2/media/ghs/277190e2-049b-40ea-95cb-b3d213ac75f0/a8650637-9bdd-447a-b1bf-00e8ae28b75e_2103238201.jpeg?h=225&w=225,Food Cupboard,"Table Sauces, Olives, Pickles & Chutney"
317064675,Hellmann's Plant Based Mayo 430ml,£3.40,£0.79/100ml,£2.50 Save 25% Clubcard Price,(£0.58/100ml),True,Offer valid for delivery from 16/04/2025 until 29/04/2025,False,4.6,71,False,https://www.tesco.com/groceries/en-GB/products/317064675,https://digitalcontent.api.tesco.com/v2/media/ghs/626947c8-8281-430e-8d12-2d770475bd6b/5b53f319-8ee3-4634-a75b-bb371a065981_1241618299.jpeg?h=225&w=225,Food Cupboard,"Table Sauces, Olives, Pickles & Chutney"
292462714,Hellmann's Chunky Burger Sauce 250Ml,£2.60,£1.04/100ml,£2.00 Clubcard Price,(£0.80/100ml),True,Offer valid for delivery from 16/04/2025 until 29/04/2025,False,4.6,31,False,https://www.tesco.com/groceries/en-GB/products/292462714,https://digitalcontent.api.tesco.com/v2/media/ghs/63815998-25e9-456f-92e7-25ba7cd785a7/2011349f-1447-491b-92f8-5a8c36e82ae9_2046768325.jpeg?h=225&w=225,Food Cupboard,"Table Sauces, Olives, Pickles & Chutney"
318274223,Sauce Shop Original BBQ Sauce 340g,£2.80,£0.82/100g,,,False,,False,,,False,https://www.tesco.com/groceries/en-GB/products/318274223,https://digitalcontent.api.tesco.com/v2/media/ghs/afb64a59-6151-4be9-9f8e-be3144c40539/e92b74d5-3483-4e24-90f5-be8c488705a5_1366914850.jpeg?h=225&w=225,Food Cupboard,"Table Sauces, Olives, Pickles & Chutney"
320970842,BrewDog Black Heart BBQ Sauce 240ml,£2.50,£1.04/100ml,£2.00 Clubcard Price,(£0.83/100ml),True,Offer valid for delivery from 16/04/2025 until 10/06/2025,False,4.4,7,False,https://www.tesco.com/groceries/en-GB/products/320970842,https://digitalcontent.api.tesco.com/v2/media/ghs/bb6aa270-edbf-4874-bd58-52d359bbd58e/33080c10-31f0-4aa2-940d-52575c05d1db_1993153265.jpeg?h=225&w=225,Food Cupboard,"Table Sauces, Olives, Pickles & Chutney"
315467227,Heinz 70% Less Fat Salad Cream 415g,£3.00,£0.72/100g,,,False,,False,4.7,26,False,https://www.tesco.com/groceries/en-GB/products/315467227,https://digitalcontent.api.tesco.com/v2/media/ghs/86588fdc-19f2-44c1-b83d-d8eca6acdb70/d35acf6f-eed9-42fb-809c-6b2c38e01534_1168530243.jpeg?h=225&w=225,Food Cupboard,"Table Sauces, Olives, Pickles & Chutney"
321037374,BrewDog Punk IPA BBQ Sauce 240ml,£2.50,£1.04/100ml,,,False,,False,,5,False,https://www.tesco.com/groceries/en-GB/products/321037374,https://digitalcontent.api.tesco.com/v2/media/ghs/c4e29d13-6a90-43cd-b99e-ce3c30abbdd2/2a7934b9-12b7-477b-a2df-23c9b4a82385_794514783.jpeg?h=225&w=225,Food Cupboard,"Table Sauces, Olives, Pickles & Chutney"
317754596,Tesco Finest Cranberry & Port Sauce 200g,£1.85,£0.92/100g,,,False,,False,1.4,14,False,https://www.tesco.com/groceries/en-GB/products/317754596,https://digitalcontent.api.tesco.com/v2/media/ghs/3e3f6ca2-3e3c-407b-8fb9-f92e668edf3d/8d3faca9-25c8-4d2b-8e52-fced8c567c64_1999227011.jpeg?h=225&w=225,Food Cupboard,"Table Sauces, Olives, Pickles & Chutney"
321038575,BrewDog Buffalo Batter Mix 150g,£2.00,£1.33/100g,£1.50 Save 25% Clubcard Price,(£1.00/100g),True,Offer valid for delivery from 16/04/2025 until 10/06/2025,False,,6,False,https://www.tesco.com/groceries/en-GB/products/321038575,https://digitalcontent.api.tesco.com/v2/media/ghs/d9262050-7e6a-4290-9455-37a69175c3de/0512c4c2-db58-4cd9-8f19-cc01986e730b_1318758154.jpeg?h=225&w=225,Food Cupboard,"Table Sauces, Olives, Pickles & Chutney"
317869823,Wagamama Katsu Vegan Mayo 265g,£2.25,£0.85/100g,£1.75 Clubcard Price,(£0.66/100g),True,Offer valid for delivery from 03/04/2025 until 29/04/2025,False,4.7,9,False,https://www.tesco.com/groceries/en-GB/products/317869823,https://digitalcontent.api.tesco.com/v2/media/ghs/b1c6bd1a-1253-48a9-96ca-a9a25dc143a4/d1c6d4c9-cb4f-4a5e-9dab-c3b9ace14482_1384170170.jpeg?h=225&w=225,Food Cupboard,"Table Sauces, Olives, Pickles & Chutney"
316642275,Hellmann's Plant Based Mayo 750ml Squeezy,£4.50,£0.60/100ml,,,False,,False,4.3,30,False,https://www.tesco.com/groceries/en-GB/products/316642275,https://digitalcontent.api.tesco.com/v2/media/ghs/52bb9ebe-05d9-4055-bd0e-7c78ad1942de/a4b0b27f-805b-4361-8642-35be043f990c_1228839755.jpeg?h=225&w=225,Food Cupboard,"Table Sauces, Olives, Pickles & Chutney"
317847786,Wagamama Vegan Firecracker Mayo 265g,£2.25,£0.85/100g,£1.75 Clubcard Price,(£0.66/100g),True,Offer valid for delivery from 03/04/2025 until 29/04/2025,False,,8,False,https://www.tesco.com/groceries/en-GB/products/317847786,https://digitalcontent.api.tesco.com/v2/media/ghs/140e8fe8-7591-424b-9736-419f15e34248/74a9230c-f918-409c-b9d0-5b9976d51ead_1311209541.jpeg?h=225&w=225,Food Cupboard,"Table Sauces, Olives, Pickles & Chutney"
312847546,Fragata Kalamata Olives With Olive Oil 50G,£1.30,£2.60/100g,,,False,,False,,1,False,https://www.tesco.com/groceries/en-GB/products/312847546,https://digitalcontent.api.tesco.com/v2/media/ghs/2f05ebfa-c9da-4f52-8567-80ff659075fd/0bb4b8cd-5575-424e-a839-960904e33d25_1618673437.jpeg?h=225&w=225,Food Cupboard,"Table Sauces, Olives, Pickles & Chutney"
317398308,Ocean Spray Whole Cranberry Sauce 200g,£1.75,£0.88/100g,£1.25 Clubcard Price,(£0.63/100g),True,Offer valid for delivery from 16/04/2025 until 13/05/2025,False,,1,False,https://www.tesco.com/groceries/en-GB/products/317398308,https://digitalcontent.api.tesco.com/v2/media/ghs/58088d9f-acac-4cf1-8d11-06061fb24ff0/d694e062-7a30-486e-8b7d-cccbcb736faf_88963998.jpeg?h=225&w=225,Food Cupboard,"Table Sauces, Olives, Pickles & Chutney"
317555296,Ocean Spray Smooth Cranberry Sauce 200g,£1.75,£0.88/100g,£1.25 Clubcard Price,(£0.63/100g),True,Offer valid for delivery from 16/04/2025 until 13/05/2025,False,,,False,https://www.tesco.com/groceries/en-GB/products/317555296,https://digitalcontent.api.tesco.com/v2/media/ghs/2ae87961-c65a-4564-80cd-d12f61fcc7b0/6aed11ac-8f72-442c-92b9-b36feee227bb_1033019996.jpeg?h=225&w=225,Food Cupboard,"Table Sauces, Olives, Pickles & Chutney"
318190483,Crucials Spicy Mayo 500ml,£1.30,£0.26/100ml,,,False,,False,,,False,https://www.tesco.com/groceries/en-GB/products/318190483,https://digitalcontent.api.tesco.com/v2/media/ghs/b08d0ef0-887b-4130-a147-ee577e8b5833/060a7141-366c-4ab9-b1ff-f6f2c65d8245_144549348.jpeg?h=225&w=225,Food Cupboard,"Table Sauces, Olives, Pickles & Chutney"
258050084,Carnation Sweetened Condensed Milk 397g,£1.75,£4.41/kg,,,False,,False,4.9,666,True,https://www.tesco.com/groceries/en-GB/products/258050084,https://digitalcontent.api.tesco.com/v2/media/ghs/80ddf964-6569-448a-b9ab-6760dd4a5ab1/d46b8da9-98dc-46bf-bdaf-ef43ef2cdfcd_267418398.jpeg?h=225&w=225,Food Cupboard,World Foods
314937333,French's Mac 'n' Cheese with Crunchy Topping Recipe Kit 115G,£2.25,£1.96/100g,,,False,,False,3.7,36,True,https://www.tesco.com/groceries/en-GB/products/314937333,https://digitalcontent.api.tesco.com/v2/media/ghs/6756a897-f390-424d-b753-668c2a9653c9/2db1b224-8d8e-41d2-b24a-27eea45e6388_1541858293.jpeg?h=225&w=225,Food Cupboard,World Foods
314581689,Frank's RedHot Buffalo New York Style Cook-In-Bag 25G,£1.35,£5.40/100g,,,False,,False,4.9,20,True,https://www.tesco.com/groceries/en-GB/products/314581689,https://digitalcontent.api.tesco.com/v2/media/ghs/ad76d3e0-3450-49e2-a1ea-5147332fd126/b3483856-3e7c-4dcf-8da5-6616ca47ff3d_1752011728.jpeg?h=225&w=225,Food Cupboard,World Foods
267792286,Ktc Olive Pomace Oil 5 Litres,£24.00,£0.48/100ml,,,False,,False,,,False,https://www.tesco.com/groceries/en-GB/products/267792286,https://digitalcontent.api.tesco.com/v2/media/ghs/eedbfa75-5ee8-43d5-995a-c45c64f38791/b59db0ae-1f61-4b3c-ae7b-ed72b23ead61_2049561807.jpeg?h=225&w=225,Food Cupboard,World Foods
265579151,East End Premium Chakki Gold Atta 5Kg,£10.75,£2.15/kg,,,False,,False,4.8,4,False,https://www.tesco.com/groceries/en-GB/products/265579151,https://digitalcontent.api.tesco.com/v2/media/ghs/7c240037-b88d-434a-b42f-18a5bf09308f/868521dc-fa81-4819-899c-eadfa422a80f_1102652838.jpeg?h=225&w=225,Food Cupboard,World Foods
293258673,Trophy Basmati Rice 10Kg,£21.00,£2.10/kg,,,False,,False,3.6,8,False,https://www.tesco.com/groceries/en-GB/products/293258673,https://digitalcontent.api.tesco.com/v2/media/ghs/e269b6ec-da34-4523-9aac-b9bacb3834c5/snapshotimagehandler_1337659602.jpeg?h=225&w=225,Food Cupboard,World Foods
282265272,Tilda Grand Extra Long Grain Rice 5Kg,£16.00,£3.20/kg,,,False,,False,,,False,https://www.tesco.com/groceries/en-GB/products/282265272,https://digitalcontent.api.tesco.com/v2/media/ghs/456e240b-a708-493a-b665-cee399bce18f/e2af9b4d-e46a-41c0-9374-d47fc9dbfa7d_1482612802.jpeg?h=225&w=225,Food Cupboard,World Foods
314300009,Village Pride Jasmine Fragrant Rice 10kg,£16.50,£1.65/kg,,,False,,False,3.7,3,False,https://www.tesco.com/groceries/en-GB/products/314300009,https://digitalcontent.api.tesco.com/v2/media/ghs/c8642e4e-e7ff-4fe3-8236-8b01db58df98/09f371a9-3c06-4e47-bfaa-fb5074c7e744_1469613111.jpeg?h=225&w=225,Food Cupboard,World Foods
267772834,KTC Olive-Pomace Oil Blend 1 Litre,£6.00,£0.60/100ml,,,False,,False,,,False,https://www.tesco.com/groceries/en-GB/products/267772834,https://digitalcontent.api.tesco.com/v2/media/ghs/9223545b-ef65-4b21-b446-466199130fd6/7d998d48-ffb0-41e2-919d-a1413f466bbc_42790227.jpeg?h=225&w=225,Food Cupboard,World Foods
314696260,Ufc Velvet Dairy Free Coconut Milk Drink Chocolate 1L,£3.35,£0.34/100ml,,,False,,False,,1,False,https://www.tesco.com/groceries/en-GB/products/314696260,https://digitalcontent.api.tesco.com/v2/media/ghs/f32003b6-fdc7-4b24-b3ce-a8f6c44401ab/d1418681-cf8e-4276-b62d-9240907ff52a_359450277.jpeg?h=225&w=225,Food Cupboard,World Foods
254298768,Maggi Authentic Indian Masala Chilli Sauce 400g,£2.30,£0.58/100g,,,False,,False,3.7,3,False,https://www.tesco.com/groceries/en-GB/products/254298768,https://digitalcontent.api.tesco.com/v2/media/ghs/8aeb8d12-365f-4548-a9a9-897955a21606/aba4d6a1-7bc2-4038-9d21-8b70e55d2e31_2070967728.jpeg?h=225&w=225,Food Cupboard,World Foods
314698816,Surya Crushed Ginger 400g,£1.35,£0.03/10g,,,False,,False,,2,False,https://www.tesco.com/groceries/en-GB/products/314698816,https://digitalcontent.api.tesco.com/v2/media/ghs/11e8961f-1f48-47dd-995d-2c8bbeb56972/ab3a59a7-a445-4599-95a3-022c55689f0e.jpeg?h=225&w=225,Food Cupboard,World Foods
314691518,Surya Crushed Garlic 400g,£1.35,£0.03/10g,,,False,,False,,7,False,https://www.tesco.com/groceries/en-GB/products/314691518,https://digitalcontent.api.tesco.com/v2/media/ghs/414ad26b-2018-4217-bf52-ed8a9a7c9294/cc5453ba-bd96-44c2-9879-6962c8b4dc5d.jpeg?h=225&w=225,Food Cupboard,World Foods
314436782,Laila Mung Beans 500g,£1.50,£3.00/kg,,,False,,False,,,False,https://www.tesco.com/groceries/en-GB/products/314436782,https://digitalcontent.api.tesco.com/v2/media/ghs/ee71b81c-62ff-4a92-9ad2-bef2ba68b7e5/251248dc-1f8d-4eab-a1ec-9a4328f6f89d_1403392976.jpeg?h=225&w=225,Food Cupboard,World Foods
260739402,East End Coriander Whole 100G,£1.30,£0.13/10g,,,False,,False,,,False,https://www.tesco.com/groceries/en-GB/products/260739402,https://digitalcontent.api.tesco.com/v2/media/ghs/91f1b608-4b65-4ae6-949d-d616cd2bf950/674865ed-cafe-4bb5-b819-411883197c92_253194678.jpeg?h=225&w=225,Food Cupboard,World Foods
314115488,Surya Cut Okra 300g,£1.25,£4.17/kg,,,False,,False,,6,False,https://www.tesco.com/groceries/en-GB/products/314115488,https://digitalcontent.api.tesco.com/v2/media/ghs/29a41de9-d6c7-492d-9e4d-5df883ecbeb0/79be62c1-34e8-4339-9333-1c2fa8fd17ee.jpeg?h=225&w=225,Food Cupboard,World Foods
261626649,Pride Coconut Milk 400Ml,£1.35,£3.38/litre,,,False,,False,2.4,113,False,https://www.tesco.com/groceries/en-GB/products/261626649,https://digitalcontent.api.tesco.com/v2/media/ghs/3ac24692-fa20-4717-9062-3dd42161d16d/fddf8a0a-c426-4f61-8e77-b57071a65862_1663862717.jpeg?h=225&w=225,Food Cupboard,World Foods
314714292,Surya Whole Baby Okra Bhindi 300g,£1.25,£4.17/kg,,,False,,False,,2,False,https://www.tesco.com/groceries/en-GB/products/314714292,https://digitalcontent.api.tesco.com/v2/media/ghs/56603e5e-bc73-4cc8-baca-5639561155fd/47ea3424-d4ad-452d-ad95-18a63111c2f8.jpeg?h=225&w=225,Food Cupboard,World Foods
306946484,Niru Rose Sherbet Flavoured Drink 290Ml,£1.40,£0.48/100ml,,,False,,False,,2,False,https://www.tesco.com/groceries/en-GB/products/306946484,https://digitalcontent.api.tesco.com/v2/media/ghs/c8b68658-e126-4c3d-ac07-0f8e3059de8d/2647d166-af4e-4188-bc13-082b3ac9b5b8_97600223.jpeg?h=225&w=225,Food Cupboard,World Foods
305519813,Magicorn Eazy Pop Microwave Popcorn - Sweet 85g,£0.90,£1.06/100g,,,False,,False,3.5,2,False,https://www.tesco.com/groceries/en-GB/products/305519813,https://digitalcontent.api.tesco.com/v2/media/ghs/4826a358-c57c-46dc-8c8b-ed1aae2b96f4/94eb57cc-7c87-4a17-a6ed-b942bb5b0132_176831462.jpeg?h=225&w=225,Food Cupboard,World Foods
254902477,Carnation Evaporated Milk Tin 410g,£1.40,£3.42/kg,,,False,,False,4.9,200,False,https://www.tesco.com/groceries/en-GB/products/254902477,https://digitalcontent.api.tesco.com/v2/media/ghs/ad8cc470-92b7-45d9-ad37-9275849ad3ac/843b3905-221c-4a1a-83d8-9b2251b3b664_2051811984.jpeg?h=225&w=225,Food Cupboard,World Foods
276827043,Nissin Demae Ramen Noodles - Spicy 100g,£0.75,£7.50/kg,,,False,,False,4.5,12,False,https://www.tesco.com/groceries/en-GB/products/276827043,https://digitalcontent.api.tesco.com/v2/media/ghs/befe79a8-5206-4fe2-ace9-7f617bdd845c/7ee0648a-8fb0-4d40-bd27-ee318b6c2a4e_1199536448.jpeg?h=225&w=225,Food Cupboard,World Foods
258519168,Old Jamaica Ginger Beer 330Ml,£0.60,£0.18/100ml,45p Save 25% Clubcard Price,(£0.14/100ml),True,Offer valid for delivery from 16/04/2025 until 03/06/2025,False,3.6,13,False,https://www.tesco.com/groceries/en-GB/products/258519168,https://digitalcontent.api.tesco.com/v2/media/ghs/dabfd24f-0bbe-49a0-970a-19cae4109287/eade92f9-b88c-44ec-8c8e-40adc015f89b_77124515.jpeg?h=225&w=225,Food Cupboard,World Foods
276826574,Nissin Demae Ramen Chicken Noodles 100G,£0.75,£7.50/kg,,,False,,False,4.3,11,False,https://www.tesco.com/groceries/en-GB/products/276826574,https://digitalcontent.api.tesco.com/v2/media/ghs/92760558-3a7a-4518-91b7-aeee51e59c94/095f1107-3d49-4e6a-bd01-607c7ade7c5e_646360511.jpeg?h=225&w=225,Food Cupboard,World Foods
260739362,East End Ginger Powder 100G,£1.30,£0.13/10g,,,False,,False,,,False,https://www.tesco.com/groceries/en-GB/products/260739362,https://digitalcontent.api.tesco.com/v2/media/ghs/51250ba4-6774-4f6d-a48e-ba66cc07513c/f368322e-db53-42cf-ade1-bdf0830cb38e_145887154.jpeg?h=225&w=225,Food Cupboard,World Foods
308462989,Haribo Halal Happy Peaches 100G,£1.25,£1.25/100g,,,False,,False,,,False,https://www.tesco.com/groceries/en-GB/products/308462989,https://digitalcontent.api.tesco.com/v2/media/ghs/232b61c9-3e2c-4242-a370-3e445915096e/07cfeea8-9c76-40c5-ad9f-8f372dbb14ee_110623032.jpeg?h=225&w=225,Food Cupboard,World Foods
308471729,Haribo Halal Tropifrutti 100G,£1.25,£1.25/100g,,,False,,False,,,False,https://www.tesco.com/groceries/en-GB/products/308471729,https://digitalcontent.api.tesco.com/v2/media/ghs/7f88c403-4cbf-4e41-ac44-7fa730ef0bd1/7b84e708-6a42-4657-92d3-60ba5863ca8d_2065784966.jpeg?h=225&w=225,Food Cupboard,World Foods
261150641,East End Kasuri Methi 100G,£1.00,£0.10/10g,,,False,,False,,1,False,https://www.tesco.com/groceries/en-GB/products/261150641,https://digitalcontent.api.tesco.com/v2/media/ghs/574b486f-0e2f-46b8-8031-1ea544ac7267/ba4eea91-f3a0-490d-81e3-38f4a9420362_1022426983.jpeg?h=225&w=225,Food Cupboard,World Foods
254902431,Carnation Evaporated Milk Tin 170g,£0.75,£4.41/kg,,,False,,False,4.9,199,False,https://www.tesco.com/groceries/en-GB/products/254902431,https://digitalcontent.api.tesco.com/v2/media/ghs/2ece0871-74b1-40f4-930d-36f650964eff/0fcf5eb2-2245-4bca-9999-26086193fd14_1519416614.jpeg?h=225&w=225,Food Cupboard,World Foods
282249211,Sweetzone Halal Candy Floss 50g,£1.25,£2.50/100g,,,False,,False,,1,False,https://www.tesco.com/groceries/en-GB/products/282249211,https://digitalcontent.api.tesco.com/v2/media/ghs/1bf5981e-95b4-4751-ac72-ea999103bc73/97296f3c-66eb-4e09-911e-57997662f116_1452583400.jpeg?h=225&w=225,Food Cupboard,World Foods
282264630,Sweet Zone Halal Mighty Mallows 140G,£1.25,£0.89/100g,,,False,,False,,,False,https://www.tesco.com/groceries/en-GB/products/282264630,https://digitalcontent.api.tesco.com/v2/media/ghs/ca3eb6e3-2aaf-4c06-84e4-0afd2d6cd324/snapshotimagehandler_630379066.jpeg?h=225&w=225,Food Cupboard,World Foods
307140001,Niru Mango Faluda Drink 290Ml,£1.40,£0.48/100ml,,,False,,False,,,False,https://www.tesco.com/groceries/en-GB/products/307140001,https://digitalcontent.api.tesco.com/v2/media/ghs/22eedc49-4b7b-47ef-bbc9-1c9fbdfa60bd/259044d9-4147-4c55-9e36-98c336c41d6a_2130353413.jpeg?h=225&w=225,Food Cupboard,World Foods
254462378,Koka Instant Noodles Curry Flavour 85G,£0.45,£5.29/kg,,,False,,False,4.6,18,False,https://www.tesco.com/groceries/en-GB/products/254462378,https://digitalcontent.api.tesco.com/v2/media/ghs/c888b53a-f4c3-4de8-a325-9dc0ec15340f/510fd368-f3e0-4a7d-b15d-a73d7b5d51c6_902167808.jpeg?h=225&w=225,Food Cupboard,World Foods
313834750,Laila Sweet chilli grills 80g,£0.90,£1.12/100g,,,False,,False,,1,False,https://www.tesco.com/groceries/en-GB/products/313834750,https://digitalcontent.api.tesco.com/v2/media/ghs/f1242fa8-733d-4707-9245-b7c7a1300d8c/58aa4b39-749d-4c67-9a32-9970d52107a8_867480926.jpeg?h=225&w=225,Food Cupboard,World Foods
313847769,Laila Chilli & Lemon grills 80g,£0.90,£1.12/100g,,,False,,False,,,False,https://www.tesco.com/groceries/en-GB/products/313847769,https://digitalcontent.api.tesco.com/v2/media/ghs/9f8bd99e-0b3b-4ac5-820d-7ab83d974ee3/de3cdd54-ca8c-4675-9858-717e98389c8b_1182330498.jpeg?h=225&w=225,Food Cupboard,World Foods
313732006,Laila Mini Poppadoms Mango Chutney 75g,£0.80,£1.07/100g,,,False,,False,,1,False,https://www.tesco.com/groceries/en-GB/products/313732006,https://digitalcontent.api.tesco.com/v2/media/ghs/907dbc28-286b-4ada-97c9-db44d8f5d58e/b2469058-2ff0-4d69-838b-25a252f24fc8_311743900.jpeg?h=225&w=225,Food Cupboard,World Foods
313846269,Laila Rocecoco Beans 400g,£0.80,£3.33/kg DR.WT,,,False,,False,,,False,https://www.tesco.com/groceries/en-GB/products/313846269,https://digitalcontent.api.tesco.com/v2/media/ghs/c258c168-674f-43c5-b6e9-5e625829c0cd/728415bf-665c-40cb-9e68-80ad06107d4c_2013558945.jpeg?h=225&w=225,Food Cupboard,World Foods
313848941,"Laila Mini Poppadoms - Yoghurt, Mint & Coriander 75g",£0.80,£1.07/100g,,,False,,False,4.4,7,False,https://www.tesco.com/groceries/en-GB/products/313848941,https://digitalcontent.api.tesco.com/v2/media/ghs/73674f60-43c7-4821-99c3-334ef06846e1/28e6de10-bd6d-4ef5-91a0-78c9168def5d_1265959982.jpeg?h=225&w=225,Food Cupboard,World Foods
313860073,Laila Plain Mini Poppadoms 75g,£0.80,£1.07/100g,,,False,,False,2.7,9,False,https://www.tesco.com/groceries/en-GB/products/313860073,https://digitalcontent.api.tesco.com/v2/media/ghs/c5138f63-b8b2-442c-ba67-49a1a81f138b/4407e55a-0e8c-4c04-b468-b74c20e34482_1169273109.jpeg?h=225&w=225,Food Cupboard,World Foods
314313795,Laila Butter Beans 400g,,,,,False,,False,,,False,https://www.tesco.com/groceries/en-GB/products/314313795,https://digitalcontent.api.tesco.com/v2/media/ghs/7358ee95-bd79-4557-82d0-ddcec86e8836/292cda7d-e441-45d3-8eb8-c9f32b7cfad0_501912212.jpeg?h=225&w=225,Food Cupboard,World Foods
314306320,Ayoola Curry Flavour Instant Noodles 70g,£0.35,£5.00/kg,,,False,,False,,1,False,https://www.tesco.com/groceries/en-GB/products/314306320,https://digitalcontent.api.tesco.com/v2/media/ghs/c85697c2-5498-4135-9a45-d3781eada530/54a5d333-9954-4946-92c1-b1d0658af0c2_741423331.jpeg?h=225&w=225,Food Cupboard,World Foods
314111538,Ayoola Chicken Flavour Instant Noodles 70g,,,,,False,,False,,4,False,https://www.tesco.com/groceries/en-GB/products/314111538,https://digitalcontent.api.tesco.com/v2/media/ghs/57276727-567c-4977-aac3-fbee6b9efd22/a91a6854-eb99-408f-bf2a-1d0477fa6574_2025584971.jpeg?h=225&w=225,Food Cupboard,World Foods
271168790,Tesco Pure Sunflower Oil 5 Litre,£8.50,£0.17/100ml,,,False,,False,4.5,65,False,https://www.tesco.com/groceries/en-GB/products/271168790,https://digitalcontent.api.tesco.com/v2/media/ghs/5171e50c-763f-4212-b82f-c5349931a05a/bfcc880a-e1a9-490b-92cb-b51a258baa77_88638978.jpeg?h=225&w=225,Food Cupboard,World Foods
314327272,Elephant Atta Medium Chapatti Flour with Vitamin D 5kg,£7.25,£1.45/kg,,,False,,False,,,False,https://www.tesco.com/groceries/en-GB/products/314327272,https://digitalcontent.api.tesco.com/v2/media/ghs/963478df-2ca1-4ef1-bf2d-166aad85d8da/2da44e26-b9c1-4edf-8de1-2040e137dbc3_467627131.jpeg?h=225&w=225,Food Cupboard,World Foods
260709526,Port Royal Jamaican Beef Patty 140g,£1.30,£0.93/100g,£1.15 Clubcard Price,(£0.82/100g),True,Offer valid for delivery from 16/04/2025 until 13/05/2025,False,3.7,23,False,https://www.tesco.com/groceries/en-GB/products/260709526,https://digitalcontent.api.tesco.com/v2/media/ghs/d9ed8a18-2775-49b3-b097-23cd3421f0cd/544bd271-8776-410e-bd0c-0af85cfdbfd6.jpeg?h=225&w=225,Food Cupboard,World Foods
260667014,Royal Chai Elaichi Tea With Sugar 220G,£3.15,£1.43/100g,,,False,,False,,4,False,https://www.tesco.com/groceries/en-GB/products/260667014,https://digitalcontent.api.tesco.com/v2/media/ghs/1da53aad-d7fa-4d58-9e74-248645f43310/b9f5789c-c24c-4f6d-8501-744e666de23e_1578436602.jpeg?h=225&w=225,Food Cupboard,World Foods
313960375,Regal Sliced Madeira Cake 10 Pieces,£2.90,£0.29/each,,,False,,False,4.5,2,False,https://www.tesco.com/groceries/en-GB/products/313960375,https://digitalcontent.api.tesco.com/v2/media/ghs/9616395a-fdc5-4df8-ab71-e4642e66866c/61d1fd0b-557e-4b39-b8a1-fdb9709a4afa_790762302.jpeg?h=225&w=225,Food Cupboard,World Foods
314093800,Grace Exotic Chips Purple Sweet Potato 75g,£1.75,£2.33/100g,,,False,,False,,,False,https://www.tesco.com/groceries/en-GB/products/314093800,https://digitalcontent.api.tesco.com/v2/media/ghs/ff4e7cc2-40c6-4d24-bf8b-505d350c033b/32fc1df1-f42e-4936-bb96-93c156e9a088_369342462.jpeg?h=225&w=225,Food Cupboard,World Foods
313968113,Grace Exotic Chips Tostones 75g,£1.75,£2.33/100g,,,False,,False,,1,False,https://www.tesco.com/groceries/en-GB/products/313968113,https://digitalcontent.api.tesco.com/v2/media/ghs/ee80e5b9-057e-41b7-8be5-343f67f9d26d/1664c8d1-6352-4020-bead-1826cd52113d_1949064910.jpeg?h=225&w=225,Food Cupboard,World Foods
259376584,Mama Hot & Spicy Instant Noodles 90G,£0.95,£10.56/kg,,,False,,False,4.3,14,False,https://www.tesco.com/groceries/en-GB/products/259376584,https://digitalcontent.api.tesco.com/v2/media/ghs/6892a241-b33a-47aa-8d57-643f42d4bf60/9aeec5fd-ab3b-44b7-97b7-5658c4cf0d36_2021483095.jpeg?h=225&w=225,Food Cupboard,World Foods
313962281,Grace Exotic Chips Cassava 75g,£1.75,£2.33/100g,,,False,,False,,,False,https://www.tesco.com/groceries/en-GB/products/313962281,https://digitalcontent.api.tesco.com/v2/media/ghs/2e94b949-9ca7-4ee3-881d-9498f09893d4/5129ed8c-952b-419b-bf1e-30758dfb70ac_1612632196.jpeg?h=225&w=225,Food Cupboard,World Foods
266304683,Old Jamaica Ginger Beer Light 330Ml,£0.60,£0.18/100ml,45p Save 25% Clubcard Price,(£0.14/100ml),True,Offer valid for delivery from 16/04/2025 until 03/06/2025,False,,1,False,https://www.tesco.com/groceries/en-GB/products/266304683,https://digitalcontent.api.tesco.com/v2/media/ghs/9d6e8387-5408-4af6-b14d-f315a0fab749/c7c07e4d-177c-4744-9238-f2db73ccdf26_41467940.jpeg?h=225&w=225,Food Cupboard,World Foods
287604463,Natco Spinach Leaf 765G,£1.95,£3.68/kg DR.WT,,,False,,False,,,False,https://www.tesco.com/groceries/en-GB/products/287604463,https://digitalcontent.api.tesco.com/v2/media/ghs/df35998b-cd60-4bf3-9ef5-fc0dfe0ff86d/30f384cd-e7ee-4ab4-acb6-6eed43d37a71_1247993314.jpeg?h=225&w=225,Food Cupboard,World Foods
254462173,Koka Instant Noodles Chicken Flavour 85G,£0.45,£5.29/kg,,,False,,False,4.6,20,False,https://www.tesco.com/groceries/en-GB/products/254462173,https://digitalcontent.api.tesco.com/v2/media/ghs/b41911e7-2d90-4f37-8531-dfc9cdf5c6e5/ccb18eed-9a54-4fbf-a52d-0a11b906c021_668910178.jpeg?h=225&w=225,Food Cupboard,World Foods
278831443,Aleyna Sliced Green Jalapeno Peppers 480G,,,,,False,,False,4.1,39,False,https://www.tesco.com/groceries/en-GB/products/278831443,https://digitalcontent.api.tesco.com/v2/media/ghs/3e085227-f0c8-4f57-9d20-12cca0e40c3d/92301832-2f61-4520-b915-534c2f5208c5_2061123026.jpeg?h=225&w=225,Food Cupboard,World Foods
313615217,Indomie Noodles - Chicken Flavour 70g,£0.60,£8.57/kg,,,False,,False,,,False,https://www.tesco.com/groceries/en-GB/products/313615217,https://digitalcontent.api.tesco.com/v2/media/ghs/9c38b5a3-5290-48f7-95d4-0f8437134113/7f49ba9c-2f45-470f-b01f-f65c6062dca0_1899210198.jpeg?h=225&w=225,Food Cupboard,World Foods
281381884,Lancashire Farm Whole Milk Yogurt 1Kg,,,,,False,,False,,22,False,https://www.tesco.com/groceries/en-GB/products/281381884,https://digitalcontent.api.tesco.com/v2/media/ghs/03188fc7-153d-4c3e-8546-46b8093df2cd/96febeb6-3dff-4a03-846c-5c802550fee5.jpeg?h=225&w=225,Food Cupboard,World Foods
295724216,Cobra Premium World Lager Beer Bottle 620ml,£2.60,£4.19/litre,Any 3 for £6 Clubcard Price - Selected Beers 450ml - 660ml,,True,Offer valid for delivery from 01/04/2025 until 30/04/2025,False,4.6,36,False,https://www.tesco.com/groceries/en-GB/products/295724216,https://digitalcontent.api.tesco.com/v2/media/ghs/faa76e30-3d24-4cc1-9dd8-ba94fa174b9f/d121b340-55f3-418b-9f01-bde963ed24cc_2104172857.jpeg?h=225&w=225,Food Cupboard,World Foods
278774752,Aleyna Roasted Red Peppers 480G,,,,,False,,False,4.1,26,False,https://www.tesco.com/groceries/en-GB/products/278774752,https://digitalcontent.api.tesco.com/v2/media/ghs/462ea2ba-f910-4483-81e3-f629d109f5ed/8f33c6aa-99d3-4fa6-a0b3-2ae91111187c_2063963725.jpeg?h=225&w=225,Food Cupboard,World Foods
300344899,Summer Pride Chopped Tomatoes 400G,£0.65,£1.62/kg,50p Clubcard Price,(£1.25/kg),True,Offer valid for delivery from 19/02/2025 until 21/04/2025,False,2.4,16,False,https://www.tesco.com/groceries/en-GB/products/300344899,https://digitalcontent.api.tesco.com/v2/media/ghs/bfb3ccda-d35f-4141-97c1-7ae643c5004b/a9bcbbe8-8bf9-4f42-8c78-8378425eddda_275754946.jpeg?h=225&w=225,Food Cupboard,World Foods
277585804,Yutaka Panko Breadcrumbs 180G,£2.50,£1.39/100g,,,False,,False,4.7,22,False,https://www.tesco.com/groceries/en-GB/products/277585804,https://digitalcontent.api.tesco.com/v2/media/ghs/29215acc-5987-451a-9686-4613c98002ce/9a184c11-aa4b-4efa-909d-be65aec27dbc_846443869.jpeg?h=225&w=225,Food Cupboard,World Foods
296981617,Rowse Honey Squeezy 680G,£4.00,£0.59/100g,£3.50 Clubcard Price,(£0.51/100g),True,Offer valid for delivery from 31/03/2025 until 21/04/2025,False,4.5,8,False,https://www.tesco.com/groceries/en-GB/products/296981617,https://digitalcontent.api.tesco.com/v2/media/ghs/edd1b666-b5fa-4e54-a3aa-ab12bdf8ef76/d22387cc-4dbc-4a77-a77b-3c4f2a803834_2094047587.jpeg?h=225&w=225,Food Cupboard,World Foods
292915750,Biere D'or 10 X 250Ml,£4.25,£1.70/litre,,,False,,False,4.3,33,False,https://www.tesco.com/groceries/en-GB/products/292915750,https://digitalcontent.api.tesco.com/v2/media/ghs/b223c78d-ea27-435f-a9a4-def75633d707/e5c9e443-dc4b-40bc-afee-771f5c351a5a.jpeg?h=225&w=225,Food Cupboard,World Foods
293459055,Indomie Mi Goreng Stir-Fry Spicy Noodles 80g,£0.90,£11.25/kg,,,False,,False,4.4,7,False,https://www.tesco.com/groceries/en-GB/products/293459055,https://digitalcontent.api.tesco.com/v2/media/ghs/ca679916-e38a-41d4-945b-1fa5857460f2/4c218860-78c4-43d3-8b71-15f1cb955144_406614646.jpeg?h=225&w=225,Food Cupboard,World Foods
293459118,Indomie Mi Goreng Stir-Fry Noodles 80g,£0.90,£11.25/kg,,,False,,False,4.8,11,False,https://www.tesco.com/groceries/en-GB/products/293459118,https://digitalcontent.api.tesco.com/v2/media/ghs/27c1a6a7-bef2-4657-a090-32f8debcc07c/513e2208-9685-4fdc-aa9d-8f9959e209c4_95285899.jpeg?h=225&w=225,Food Cupboard,World Foods
260709536,Port Royal Jamaican Chicken Patty 140g,£1.30,£0.93/100g,£1.15 Clubcard Price,(£0.82/100g),True,Offer valid for delivery from 16/04/2025 until 13/05/2025,False,3.7,14,False,https://www.tesco.com/groceries/en-GB/products/260709536,https://digitalcontent.api.tesco.com/v2/media/ghs/19d6c4ed-e6bc-4c76-987c-e86c767c2523/07012838-5b56-43db-b988-98c9157ac744.jpeg?h=225&w=225,Food Cupboard,World Foods
278297723,Mlekovita Kefir Yogurt Style Drink 1 Litre,£2.20,£220.00/100ml,,,False,,False,4.5,60,False,https://www.tesco.com/groceries/en-GB/products/278297723,https://digitalcontent.api.tesco.com/v2/media/ghs/f4813de1-7c2e-48f5-ab59-5165b28c9243/3c999a37-bc8b-4a6f-a115-c85a553b89be.jpeg?h=225&w=225,Food Cupboard,World Foods
267536032,Vifon Golden Chicken Instant Noodles 70G,£0.70,£10.00/kg,,,False,,False,,13,False,https://www.tesco.com/groceries/en-GB/products/267536032,https://digitalcontent.api.tesco.com/v2/media/ghs/5fa117a1-20e0-45c4-9b5b-4894bc3037a2/0ad7a0b2-ecce-4585-911a-854ef3dea964_1684353607.jpeg?h=225&w=225,Food Cupboard,World Foods
259376618,Mama Kimchi Instant Noodles 90G,£0.95,£10.56/kg,,,False,,False,3.9,11,False,https://www.tesco.com/groceries/en-GB/products/259376618,https://digitalcontent.api.tesco.com/v2/media/ghs/957cb86b-fce4-49b3-8e27-0ca79a79e56f/fd239669-13d0-4960-9b92-c8ad0614bcf3_675326632.jpeg?h=225&w=225,Food Cupboard,World Foods
264080183,Morliny Berlinki Classic Hot Dog 250G,£1.60,£0.64/100g,,,False,,False,3.9,31,False,https://www.tesco.com/groceries/en-GB/products/264080183,https://digitalcontent.api.tesco.com/v2/media/ghs/f5a8cf8c-8c2a-4c52-93ea-91fb2d30adcf/b0838b39-d6cd-4c4b-8834-88cd7186c386.jpeg?h=225&w=225,Food Cupboard,World Foods
267594774,Rubicon Mango Juice Drink 1 Litre,£1.85,£0.18/100ml,,,False,,False,2.7,22,False,https://www.tesco.com/groceries/en-GB/products/267594774,https://digitalcontent.api.tesco.com/v2/media/ghs/3bbfdc93-1a4b-42e9-be5d-a89387e0a7f8/7e8a3342-48e0-4cc7-b583-0c9be054edc4_107766702.jpeg?h=225&w=225,Food Cupboard,World Foods
254866507,Rubicon Sparkling Mango Juice Drink 330Ml Can,£0.75,£0.23/100ml,,,False,,False,,4,False,https://www.tesco.com/groceries/en-GB/products/254866507,https://digitalcontent.api.tesco.com/v2/media/ghs/4dcda513-6503-4cfb-8e5b-f83f7ab9b4f3/828909c5-52a8-4a63-8b4f-5483bc01fbb5_526631471.jpeg?h=225&w=225,Food Cupboard,World Foods
298576392,7 Days Croissant with Cocoa Filling 60g,£0.55,£0.92/100g,,,False,,False,,4,False,https://www.tesco.com/groceries/en-GB/products/298576392,https://digitalcontent.api.tesco.com/v2/media/ghs/7ada127e-2b5a-4f69-bcb7-5f9f3759a7dc/05032f85-1378-4117-8b54-486b36815067_518817239.jpeg?h=225&w=225,Food Cupboard,World Foods
254866444,Ting Grapefruit Crush 330Ml,£0.60,£0.18/100ml,45p Save 25% Clubcard Price,(£0.14/100ml),True,Offer valid for delivery from 16/04/2025 until 03/06/2025,False,4.4,16,False,https://www.tesco.com/groceries/en-GB/products/254866444,https://digitalcontent.api.tesco.com/v2/media/ghs/c79c2035-1e7b-4e67-bcc5-f68037b83627/acbd76f7-a992-4fec-a9dd-fc5328160b10_216137394.jpeg?h=225&w=225,Food Cupboard,World Foods
267461920,East End Desiccated Coconut 200G,£1.00,£5.00/kg,,,False,,False,3.1,20,False,https://www.tesco.com/groceries/en-GB/products/267461920,https://digitalcontent.api.tesco.com/v2/media/ghs/0ccd3820-0d18-4357-b2a1-8fce3fc454fa/83d20762-dede-4585-9645-47b107498498_694107315.jpeg?h=225&w=225,Food Cupboard,World Foods
313963850,Rubicon Still Pineapple Juice Drink 288Ml,£0.80,£0.28/100ml,,,False,,False,,,False,https://www.tesco.com/groceries/en-GB/products/313963850,https://digitalcontent.api.tesco.com/v2/media/ghs/448f2a87-52c7-45b3-a2fa-bd2f174096f8/bbc7f868-bde4-4141-91ec-b34ab3ea533f_978924441.jpeg?h=225&w=225,Food Cupboard,World Foods
272515844,Tesco Vegetable Oil 5 Litre,£8.25,£0.16/100ml,,,False,,False,4.5,26,False,https://www.tesco.com/groceries/en-GB/products/272515844,https://digitalcontent.api.tesco.com/v2/media/ghs/25942740-3ca8-41b6-88dc-5bd2fce55499/5cc5d7ac-60bd-49c1-8d5e-f84e3759c266_2084171058.jpeg?h=225&w=225,Food Cupboard,World Foods
289206286,Tesco Aasani Cashew Nuts 500G,£6.50,£13.00/kg,£5.20 Clubcard Price,(£10.40/kg),True,Offer valid for delivery from 12/02/2025 until 21/04/2025,False,4.4,34,False,https://www.tesco.com/groceries/en-GB/products/289206286,https://digitalcontent.api.tesco.com/v2/media/ghs/b2ccc621-fb2e-4377-ab95-3e098882caf7/9b40741c-f8f9-4e7b-be2d-826084c95c9f_20857098.jpeg?h=225&w=225,Food Cupboard,World Foods
302036513,Humza Paratha Original 1.6Kg,£4.00,£0.25/100g,,,False,,False,3.3,46,False,https://www.tesco.com/groceries/en-GB/products/302036513,https://digitalcontent.api.tesco.com/v2/media/ghs/6f2c9195-1886-4747-87c0-631d552051c1/0c78397e-07f7-4bfb-b1f1-19216201edf2.jpeg?h=225&w=225,Food Cupboard,World Foods
278654762,Bavaria Holland Premium Beer 4.3% 500ml,£1.65,£3.30/litre,,,False,,False,4.2,14,False,https://www.tesco.com/groceries/en-GB/products/278654762,https://digitalcontent.api.tesco.com/v2/media/ghs/d8b777b2-d22e-42fd-956d-ac9031c05af6/snapshotimagehandler_1114594713.jpeg?h=225&w=225,Food Cupboard,World Foods
262299348,Dawtona Pickled Gherkins 900G,£2.90,£0.62/100g DR.WT,,,False,,False,3.9,47,False,https://www.tesco.com/groceries/en-GB/products/262299348,https://digitalcontent.api.tesco.com/v2/media/ghs/cfdcaa20-cc59-4ff3-b5c5-3e153d4990f1/8a1df27a-cd85-4b31-8004-8358638a50b2_1895142714.jpeg?h=225&w=225,Food Cupboard,World Foods
276760374,Lee Kum Kee Premium Light Soy Sauce 500Ml,£2.30,£0.46/100ml,,,False,,False,4.6,12,False,https://www.tesco.com/groceries/en-GB/products/276760374,https://digitalcontent.api.tesco.com/v2/media/ghs/c4cd974a-7f03-4d07-b85c-d527ebb2014e/72d7cef6-5b80-46c2-b28b-6318a72ba376_1251303572.jpeg?h=225&w=225,Food Cupboard,World Foods
255218992,Heineken Lager Beer Bottle 650ml,£2.10,£3.23/litre,Any 3 for £6 Clubcard Price - Selected Beers 450ml - 660ml,,True,Offer valid for delivery from 01/04/2025 until 30/04/2025,False,4.8,5,False,https://www.tesco.com/groceries/en-GB/products/255218992,https://digitalcontent.api.tesco.com/v2/media/ghs/162ea3dc-9118-4d70-b04b-26513cb4d2d0/c125746b-b240-49e8-bea6-9aeafe312a92_1867584720.jpeg?h=225&w=225,Food Cupboard,World Foods
264640834,Lowicz Twarog Curd Cheese 250G,£1.45,£5.80/kg,,,False,,False,4.5,17,False,https://www.tesco.com/groceries/en-GB/products/264640834,https://digitalcontent.api.tesco.com/v2/media/ghs/21fb75f7-12f3-410f-b249-06e9128bee31/cf248498-a166-4782-86bf-8acfab1652fc.jpeg?h=225&w=225,Food Cupboard,World Foods
266311789,Encona Thai Sweet Chilli Sauce 220Ml,£1.70,£0.77/100ml,,,False,,False,2.8,5,False,https://www.tesco.com/groceries/en-GB/products/266311789,https://digitalcontent.api.tesco.com/v2/media/ghs/f7bea04f-5e36-4ddd-86be-3290b3bd8eac/16c8e091-8617-476f-9cd6-db7a51456f1f_1298994720.jpeg?h=225&w=225,Food Cupboard,World Foods
267144449,Nishaan Ginger Garlic Paste 283G,£1.90,£0.07/10g,,,False,,False,4.2,4,False,https://www.tesco.com/groceries/en-GB/products/267144449,https://digitalcontent.api.tesco.com/v2/media/ghs/cd9b01ff-4f2b-41d7-9cf4-29d07187bd02/f662d749-7389-4a65-916d-247e1f9d171b_593659179.jpeg?h=225&w=225,Food Cupboard,World Foods
263587524,Encona Original Hot Pepper Sauce 220Ml,£1.70,£0.77/100ml,,,False,,False,,2,False,https://www.tesco.com/groceries/en-GB/products/263587524,https://digitalcontent.api.tesco.com/v2/media/ghs/41e00596-c12a-40c4-afa6-d65e43f52d2d/c0747320-9e6f-4c63-a219-7f0ce1c3e142_102674150.jpeg?h=225&w=225,Food Cupboard,World Foods
267144432,Nishaan Garlic Paste 283G,£1.90,£0.07/10g,,,False,,False,4.1,41,False,https://www.tesco.com/groceries/en-GB/products/267144432,https://digitalcontent.api.tesco.com/v2/media/ghs/a58c29ef-3804-47b8-8980-ab77ecbd864f/ca1f1ac0-ceef-4907-a08f-bf84f4aee42c_1767027097.jpeg?h=225&w=225,Food Cupboard,World Foods
306658796,Balcerzak Old Polish Ham 100G,£1.80,£1.80/100g,,,False,,False,4.3,11,False,https://www.tesco.com/groceries/en-GB/products/306658796,https://digitalcontent.api.tesco.com/v2/media/ghs/f34c06ca-45b3-49a5-81d2-bbc24b5998a8/cc914be5-0dd9-492c-b3cb-1d2def8fac4c.jpeg?h=225&w=225,Food Cupboard,World Foods
271681089,E.Wedel Aha! Sezamki Bar 27.2G,£0.50,£1.84/100g,40p Clubcard Price,(£1.47/100g),True,Offer valid for delivery from 16/04/2025 until 06/05/2025,False,,6,False,https://www.tesco.com/groceries/en-GB/products/271681089,https://digitalcontent.api.tesco.com/v2/media/ghs/c6f45351-9397-4fa2-9da9-2aa634aa2424/3f36b2cf-108c-44df-a87d-af10ac4af9d3_886190941.jpeg?h=225&w=225,Food Cupboard,World Foods
288568895,Mlekovita 18% Fat Sour Cream 400G,,,,,False,,False,,14,False,https://www.tesco.com/groceries/en-GB/products/288568895,https://digitalcontent.api.tesco.com/v2/media/ghs/f1d895a3-d4de-4171-9e27-a1b5de1dd67a/c7e09445-8092-40e4-aae0-ae8ce8e647cd.jpeg?h=225&w=225,Food Cupboard,World Foods
288591434,Morliny Sopocka Pork Slice 100G,£1.40,£1.40/100g,,,False,,False,3.4,14,False,https://www.tesco.com/groceries/en-GB/products/288591434,https://digitalcontent.api.tesco.com/v2/media/ghs/deeb876f-287d-4a4d-b986-a49551f1baba/48f4ecaa-3ea4-418a-9275-3aea0834b708.jpeg?h=225&w=225,Food Cupboard,World Foods
293258857,Tiger Tiger Udon Japanese Style Noodles 400G,£1.50,£3.75/kg,,,False,,False,,8,False,https://www.tesco.com/groceries/en-GB/products/293258857,https://digitalcontent.api.tesco.com/v2/media/ghs/fea42eed-78c1-48cf-9551-6dbf68498f39/2e225488-5bd9-45a9-859c-8a28a626d1ff_659478434.jpeg?h=225&w=225,Food Cupboard,World Foods
307135970,Kinder Milk Slice Milk And Honey 3 X 28G,£1.25,£1.49/100g,,,False,,False,4.5,67,False,https://www.tesco.com/groceries/en-GB/products/307135970,https://digitalcontent.api.tesco.com/v2/media/ghs/8989dc29-1883-40aa-a5db-d5ccc35bb46e/19531cb9-4667-4ee7-89ea-330a13d09342.jpeg?h=225&w=225,Food Cupboard,World Foods
263565896,Dunns River Caribbean Fish Seasoning 100G,£1.10,£0.11/10g,,,False,,False,,,False,https://www.tesco.com/groceries/en-GB/products/263565896,https://digitalcontent.api.tesco.com/v2/media/ghs/b6552ba1-12fa-4d79-8c82-992b0f9c4ddb/8086e594-1f7e-4db0-a41a-f910c0356303_994506274.jpeg?h=225&w=225,Food Cupboard,World Foods
254390067,Rubicon Still Passion Fruit Juice Drink 1 L Carton,£1.85,£0.18/100ml,,,False,,False,4.5,4,False,https://www.tesco.com/groceries/en-GB/products/254390067,https://digitalcontent.api.tesco.com/v2/media/ghs/fd424bca-c6ac-4762-943b-f07edb5c51c3/2d5c4dc5-c00a-48ec-ab51-3bbda5267877_2085725885.jpeg?h=225&w=225,Food Cupboard,World Foods
252395497,Carnation Light Evaporated Milk Tin 410g,£1.40,£3.42/kg,,,False,,False,4.8,126,False,https://www.tesco.com/groceries/en-GB/products/252395497,https://digitalcontent.api.tesco.com/v2/media/ghs/f0d51eec-1972-448e-a710-31e186f99484/234ed93b-6589-4e62-94b6-c73e440faf0d_761358193.jpeg?h=225&w=225,Food Cupboard,World Foods
261732419,Rubicon Sparkling Lychee Juice Drink 330Ml Can,£0.75,£0.23/100ml,,,False,,False,4.2,10,False,https://www.tesco.com/groceries/en-GB/products/261732419,https://digitalcontent.api.tesco.com/v2/media/ghs/ceed0f41-b72e-473a-86de-8c7728891b0e/a5f303a1-7a2f-45d0-a9b8-e65b2330d5c5_1504560961.jpeg?h=225&w=225,Food Cupboard,World Foods
314101274,Tropical Sun Soursop Juice Drink with Pulp 330ml,£1.65,£0.50/100ml,,,False,,False,,,False,https://www.tesco.com/groceries/en-GB/products/314101274,https://digitalcontent.api.tesco.com/v2/media/ghs/9070ec92-5eee-40d4-a580-9ce210100d5f/72750446-82db-4225-99b5-08c4e2a9221c_1934504772.jpeg?h=225&w=225,Food Cupboard,World Foods
313737709,Tropical Sun Pineapple Juice With Pulp 330Ml,£1.65,£0.50/100ml,,,False,,False,,,False,https://www.tesco.com/groceries/en-GB/products/313737709,https://digitalcontent.api.tesco.com/v2/media/ghs/242dedc4-423f-4d95-971c-51446c9e65f2/4f835275-519e-4526-b954-3907110d5008_1903267274.jpeg?h=225&w=225,Food Cupboard,World Foods
314100880,Tropical Sun Mango Juice Drink with Pulp 330ml,£1.65,£0.50/100ml,,,False,,False,,1,False,https://www.tesco.com/groceries/en-GB/products/314100880,https://digitalcontent.api.tesco.com/v2/media/ghs/8aacbde8-6fcb-476f-9586-173cae7bebb0/fde9eb7f-8d31-43fa-88e7-89a9b41170da_1296770949.jpeg?h=225&w=225,Food Cupboard,World Foods
314300948,Tropical Sun Instant Cornmeal Porridge With Coconut 70G,£1.25,£17.86/kg,£1.00 Clubcard Price,(£14.29/kg),True,Offer valid for delivery from 16/04/2025 until 03/06/2025,False,2.3,3,False,https://www.tesco.com/groceries/en-GB/products/314300948,https://digitalcontent.api.tesco.com/v2/media/ghs/40e116e8-918a-4a05-88fc-598a01110119/172aeb76-80bb-4a15-b6a8-9d12fd6c53c6_2113591257.jpeg?h=225&w=225,Food Cupboard,World Foods
265820614,Kucharek Chicken Cube 120G,£1.00,£0.83/100g,,,False,,False,,3,False,https://www.tesco.com/groceries/en-GB/products/265820614,https://digitalcontent.api.tesco.com/v2/media/ghs/38d0f8bc-7864-4d12-a600-e9f32a777861/28a4eeee-15ce-4125-b67f-adefdf68000b_1519067946.jpeg?h=225&w=225,Food Cupboard,World Foods
254407292,Pride Lemon Juice 250Ml,£0.80,£0.32/100ml,,,False,,False,,4,False,https://www.tesco.com/groceries/en-GB/products/254407292,https://digitalcontent.api.tesco.com/v2/media/ghs/44ae321d-26bd-492f-9d17-6d8264de7843/a8f8aaba-b4c6-422b-841b-6e622157f81f_130720461.jpeg?h=225&w=225,Food Cupboard,World Foods
271631040,Goplana Grzeski Chocolate Wafer 36G,£0.60,£1.67/100g,,,False,,False,4.8,11,False,https://www.tesco.com/groceries/en-GB/products/271631040,https://digitalcontent.api.tesco.com/v2/media/ghs/26610f14-6c95-4b7c-9226-e4fc3ced5a27/73ab79b6-7669-4a02-a9c5-bcb60fee4159_1707680190.jpeg?h=225&w=225,Food Cupboard,World Foods
314696337,Regal Basil Seed Drinklychee Juice Drink 320Ml,£1.20,£0.38/100ml,,,False,,False,,,False,https://www.tesco.com/groceries/en-GB/products/314696337,https://digitalcontent.api.tesco.com/v2/media/ghs/0f0b50de-0e57-4680-89f7-d3c2f247a7f4/1982ed17-f3ed-4b68-94d2-4b3763acf621_710852727.jpeg?h=225&w=225,Food Cupboard,World Foods
313942184,Regal Basil Seed Juice Mango 320Ml,£1.20,£0.38/100ml,,,False,,False,,1,False,https://www.tesco.com/groceries/en-GB/products/313942184,https://digitalcontent.api.tesco.com/v2/media/ghs/592744b8-ffed-4c51-9703-46758656366c/15d9e53e-5ff0-48f1-86e7-819853c89240_672924238.jpeg?h=225&w=225,Food Cupboard,World Foods
301868463,Nestle Condensed Milk 397g,£1.90,£4.79/kg,,,False,,False,,2,False,https://www.tesco.com/groceries/en-GB/products/301868463,https://digitalcontent.api.tesco.com/v2/media/ghs/5ede7c9a-81ca-4fc9-bb5e-177b2b24d633/ce7a0cbc-802c-4504-a309-ddaaf6cec16e_1478366598.jpeg?h=225&w=225,Food Cupboard,World Foods
289206165,Aasani Almonds 500G,£5.25,£10.50/kg,£4.20 Clubcard Price,(£8.40/kg),True,Offer valid for delivery from 12/02/2025 until 21/04/2025,False,4.5,61,False,https://www.tesco.com/groceries/en-GB/products/289206165,https://digitalcontent.api.tesco.com/v2/media/ghs/33a0b4dc-274e-429a-8c7f-eea77d5bf582/35043e38-e0a9-4bc0-8ea1-55e273baceec_2021815354.jpeg?h=225&w=225,Food Cupboard,World Foods
263096892,Lajkonik Salted Sticks 300g,£2.00,£0.67/100g,,,False,,False,4.9,18,False,https://www.tesco.com/groceries/en-GB/products/263096892,https://digitalcontent.api.tesco.com/v2/media/ghs/702f3f71-25b1-4b3b-821c-4d15863ad054/3b92d083-1124-4a4f-bd41-a102c97b4a22_1120225726.jpeg?h=225&w=225,Food Cupboard,World Foods
271113164,Nurishment The Original Flavoured Vanilla Drink 370Ml,£1.65,£0.45/100ml,,,False,,False,4.7,3,False,https://www.tesco.com/groceries/en-GB/products/271113164,https://digitalcontent.api.tesco.com/v2/media/ghs/39bc9074-5da0-4960-b87d-29ba42eaac3a/192e1a80-3806-4152-a734-4c88a473b94e_1144968144.jpeg?h=225&w=225,Food Cupboard,World Foods
255218744,Heineken Lager Beer Can 6x330ml,£6.20,£3.13/litre,£5.25 Clubcard Price,(£2.65/litre),True,Offer valid for delivery from 25/03/2025 until 19/05/2025,False,4.5,51,False,https://www.tesco.com/groceries/en-GB/products/255218744,https://digitalcontent.api.tesco.com/v2/media/ghs/fc4453df-88a4-4205-bcda-c3678b2cd8d4/7e7ac3aa-ef1a-4a04-bb98-80a00d18442b.jpeg?h=225&w=225,Food Cupboard,World Foods
285097912,Grace Sweet Ripe Plantain Chips Unsalted 85G,£1.10,£1.29/100g,85p Clubcard Price,(£1.00/100g),True,Offer valid for delivery from 16/04/2025 until 03/06/2025,False,4.3,3,False,https://www.tesco.com/groceries/en-GB/products/285097912,https://digitalcontent.api.tesco.com/v2/media/ghs/b5f5bb19-10c8-4374-b747-72253a4c6feb/b858306a-58c3-4e30-ac5d-4a74a616a21f_793672539.jpeg?h=225&w=225,Food Cupboard,World Foods
305046773,Dawtona Sauerkraut 500G,£1.70,£0.51/100g DR.WT,,,False,,False,4.2,9,False,https://www.tesco.com/groceries/en-GB/products/305046773,https://digitalcontent.api.tesco.com/v2/media/ghs/edadde9c-c13e-43d1-aed0-0f98fc091dcb/46cda59c-218c-4a2d-9671-e982dfa7e130_910348142.jpeg?h=225&w=225,Food Cupboard,World Foods
255611140,Supermalt Multipack 6 X 330Ml,£5.50,£0.28/100ml,,,False,,False,,14,False,https://www.tesco.com/groceries/en-GB/products/255611140,https://digitalcontent.api.tesco.com/v2/media/ghs/6d78d30f-66d3-4dfc-99ac-4612c203215b/fce951bf-d4aa-4cc1-bdec-bd54cb850358_335376687.jpeg?h=225&w=225,Food Cupboard,World Foods
285097892,Grace Green Plantain Chips Salted 85G,£1.10,£1.29/100g,85p Clubcard Price,(£1.00/100g),True,Offer valid for delivery from 16/04/2025 until 03/06/2025,False,4.2,8,False,https://www.tesco.com/groceries/en-GB/products/285097892,https://digitalcontent.api.tesco.com/v2/media/ghs/5fee211d-91d9-49c3-a06b-bf3a2475de3c/f31b6f3e-f635-4238-a946-e636eb47d3f3_319653559.jpeg?h=225&w=225,Food Cupboard,World Foods
309172893,Regal Finest Mango Juice 1l,£1.90,£0.19/100ml,,,False,,False,,1,False,https://www.tesco.com/groceries/en-GB/products/309172893,https://digitalcontent.api.tesco.com/v2/media/ghs/fb0cc960-eb4f-4aff-b986-640f7110113e/5e52453b-7e9d-4295-a213-d74d0813ed74_1552783058.jpeg?h=225&w=225,Food Cupboard,World Foods
266162279,Mama Mi Goreng Oriential Style Instant Noodles 80G,£1.10,£13.75/kg,,,False,,False,,15,False,https://www.tesco.com/groceries/en-GB/products/266162279,https://digitalcontent.api.tesco.com/v2/media/ghs/795de9e1-ecee-41ff-a7a6-2acea8f3891b/dfd02e6e-c59d-4796-9610-be3381521f2b_1795250740.jpeg?h=225&w=225,Food Cupboard,World Foods
264286049,Mlekovita Gouda Polish Cheese 150G,£1.85,£12.33/kg,,,False,,False,3.7,10,False,https://www.tesco.com/groceries/en-GB/products/264286049,https://digitalcontent.api.tesco.com/v2/media/ghs/ac827d80-f941-41a8-ba0a-d9a0541fb447/ba09499e-73de-4df1-bb24-c16e43b939a5_1121613768.jpeg?h=225&w=225,Food Cupboard,World Foods
313966081,Old Jamaica Ginger Beer Regular 2L,£2.20,£0.11/100ml,£1.75 Clubcard Price,(£0.09/100ml),True,Offer valid for delivery from 16/04/2025 until 03/06/2025,False,,2,False,https://www.tesco.com/groceries/en-GB/products/313966081,https://digitalcontent.api.tesco.com/v2/media/ghs/3743c771-2b0f-4a71-85f2-fcad148f537b/373d92f3-46fe-46f2-8870-c47e55152266_379469249.jpeg?h=225&w=225,Food Cupboard,World Foods
268596442,Cofresh Monkey Nuts 450G,£2.50,£5.56/kg,,,False,,False,2.2,28,False,https://www.tesco.com/groceries/en-GB/products/268596442,https://digitalcontent.api.tesco.com/v2/media/ghs/25525e06-3a94-4497-a629-73fb961cfa4d/620de5dd-b433-4120-b51f-d271f5bfb0c0_1099059150.jpeg?h=225&w=225,Food Cupboard,World Foods
297242869,Pride Coconut Milk Light 400Ml,£1.35,£3.38/litre,,,False,,False,,,False,https://www.tesco.com/groceries/en-GB/products/297242869,https://digitalcontent.api.tesco.com/v2/media/ghs/4dcdd101-4071-4a58-95c5-4ea4502f25b5/a4fee78d-9ae7-4b4c-9317-6a265dd6955a_487915459.jpeg?h=225&w=225,Food Cupboard,World Foods
314301694,Tropical Sun Sweet Mango Chilli Sauce 150ml,£1.70,£1.13/100ml,,,False,,False,,2,False,https://www.tesco.com/groceries/en-GB/products/314301694,https://digitalcontent.api.tesco.com/v2/media/ghs/b1d2ca62-601d-4efe-8dca-8cfca25646c0/9ae211ce-6374-4a1b-be43-efb240681f9b_620111734.jpeg?h=225&w=225,Food Cupboard,World Foods
301341061,Mama Noodle Creamy Shrimp Tom Yum 90G,£0.95,£10.56/kg,,,False,,False,4.7,15,False,https://www.tesco.com/groceries/en-GB/products/301341061,https://digitalcontent.api.tesco.com/v2/media/ghs/592ddcb5-a336-4aa5-a24c-477f98950e1f/7a929e5e-0a60-4ee6-ba96-8f93c4a93983_1470528751.jpeg?h=225&w=225,Food Cupboard,World Foods
271330574,Ufc Coconut Water 1 Litre,£2.80,£0.28/100ml,,,False,,False,4.6,18,False,https://www.tesco.com/groceries/en-GB/products/271330574,https://digitalcontent.api.tesco.com/v2/media/ghs/d660eb39-25b9-43dd-b96a-be903f66a2e4/cf806138-e995-4ab8-ad82-eac8c0a5b304_1550878043.jpeg?h=225&w=225,Food Cupboard,World Foods
263565815,Dunns River All Purpose Seasoning 100G,£1.10,£0.11/10g,,,False,,False,3.9,11,False,https://www.tesco.com/groceries/en-GB/products/263565815,https://digitalcontent.api.tesco.com/v2/media/ghs/366bb770-fa2d-4dfb-8c78-53cef660e81b/6ffa3fb2-3241-4f46-accb-74e6055e41b1_805668209.jpeg?h=225&w=225,Food Cupboard,World Foods
313751473,Tropical Sun Jamaican Scotch Bonnet Pepper Sauce 142ml,£2.00,£1.41/100ml,,,False,,False,,,False,https://www.tesco.com/groceries/en-GB/products/313751473,https://digitalcontent.api.tesco.com/v2/media/ghs/91aeb42d-1596-43ce-9e96-e89cff6dfab6/d03cdf7c-6bc0-4b19-a7d1-0ee6633baa9b_232176397.jpeg?h=225&w=225,Food Cupboard,World Foods
314688765,Rubicon Still Pineapple Juice Drink 1 Litre,£1.85,£0.18/100ml,,,False,,False,,3,False,https://www.tesco.com/groceries/en-GB/products/314688765,https://digitalcontent.api.tesco.com/v2/media/ghs/9e178797-ee71-4394-8f9d-2203456a1570/91bf8d14-b92a-4bc7-a06d-dedfc28524f9_1598461363.jpeg?h=225&w=225,Food Cupboard,World Foods
259959684,Dunns River Coconut Milk 400Ml,£1.30,£3.25/litre,,,False,,False,2.2,24,False,https://www.tesco.com/groceries/en-GB/products/259959684,https://digitalcontent.api.tesco.com/v2/media/ghs/26909153-adf8-49fe-beb0-c7f9b02fbdb0/81fb0f6d-9bc9-48ed-b2a9-252bc407ca54_262708820.jpeg?h=225&w=225,Food Cupboard,World Foods
307756085,Piatnica Cottage Cheese Naturalny 200G,£1.10,£5.50/kg,,,False,,False,3.9,44,False,https://www.tesco.com/groceries/en-GB/products/307756085,https://digitalcontent.api.tesco.com/v2/media/ghs/06c33f6a-e0cf-4184-9be6-9b85b42437e7/1264c6f9-e46b-4a46-bb9f-e71f5b789bbe.jpeg?h=225&w=225,Food Cupboard,World Foods
253420236,Brunswick Sardines With Hot Peppers 106G,£1.20,£1.62/100g DR.WT,,,False,,False,4.5,8,False,https://www.tesco.com/groceries/en-GB/products/253420236,https://digitalcontent.api.tesco.com/v2/media/ghs/04a4755f-516d-4c76-9ca1-4ede93b7406d/18ee1864-ec7a-4e86-96b2-0b0923a8210b_248716839.jpeg?h=225&w=225,Food Cupboard,World Foods
275389585,Ka Sparkling Fruit Punch 330Ml Can,£0.65,£0.20/100ml,,,False,,False,,1,False,https://www.tesco.com/groceries/en-GB/products/275389585,https://digitalcontent.api.tesco.com/v2/media/ghs/5de38668-2b40-4497-8808-f7ccaf706624/9f0d4d6a-1694-48a2-b614-2c8836b1350e_553197398.jpeg?h=225&w=225,Food Cupboard,World Foods
275351480,Ka Sparkling Black Grape 330Ml Can,£0.65,£0.20/100ml,,,False,,False,4.6,5,False,https://www.tesco.com/groceries/en-GB/products/275351480,https://digitalcontent.api.tesco.com/v2/media/ghs/2c82ea74-cacf-4ff1-a048-f99dc1a0c6af/3b9bd9b3-70f1-43d1-a599-344f8cc1dd06_353996708.jpeg?h=225&w=225,Food Cupboard,World Foods
314584692,Rubicon Still Deluxe Passion Fruit Juice Drink 1 Litre,,,£1.80 Clubcard Price,(£0.18/100ml),True,Offer valid for delivery from 31/03/2025 until 22/04/2025,False,,1,False,https://www.tesco.com/groceries/en-GB/products/314584692,https://digitalcontent.api.tesco.com/v2/media/ghs/e054e59f-6fbb-474c-abfd-8110d8940601/031e1269-3698-495d-90e5-036627f3f03a_405601765.jpeg?h=225&w=225,Food Cupboard,World Foods
282845317,Kuchnia Polska Sauerkraut 520G,£0.90,£0.17/100g,,,False,,False,4.5,11,False,https://www.tesco.com/groceries/en-GB/products/282845317,https://digitalcontent.api.tesco.com/v2/media/ghs/e16803f6-e53d-458e-8267-efbb85c45c24/a0a90777-ca69-4944-acbb-77fc490abc2b_299904271.jpeg?h=225&w=225,Food Cupboard,World Foods
287967879,Tesco Thai Hom Mali Aaa Jasmine Fragrant Rice 5Kg,£10.25,£2.05/kg,£8.20 Clubcard Price,(£1.64/kg),True,Offer valid for delivery from 16/04/2025 until 03/06/2025,False,4.3,30,False,https://www.tesco.com/groceries/en-GB/products/287967879,https://digitalcontent.api.tesco.com/v2/media/ghs/ca5ad719-60fd-432e-8944-cc7813b17c5f/snapshotimagehandler_568356459.jpeg?h=225&w=225,Food Cupboard,World Foods
311789247,Akash Gold Basmati Rice 5Kg,£11.00,£2.20/kg,£8.00 Clubcard Price,(£1.60/kg),True,Offer valid for delivery from 16/04/2025 until 13/05/2025,False,4.5,2,False,https://www.tesco.com/groceries/en-GB/products/311789247,https://digitalcontent.api.tesco.com/v2/media/ghs/1a76d4e5-ada2-4f3f-9fcd-e25f43cbb831/39effffc-3717-4757-a0f6-e7b29d2f4a51_980994888.jpeg?h=225&w=225,Food Cupboard,World Foods
301413443,Samyang Hot Chicken Flavour Cup Ramen 70G,£1.75,£25.00/kg,,,False,,False,4.8,24,False,https://www.tesco.com/groceries/en-GB/products/301413443,https://digitalcontent.api.tesco.com/v2/media/ghs/50903755-85e5-415f-949c-fdd6d02766f8/d94ba641-2ebb-499e-989f-673b0b3ff9d3_256125421.jpeg?h=225&w=225,Food Cupboard,World Foods
268585864,Tesco Sushi Rice 500G,£2.30,£4.60/kg,,,False,,False,4.6,15,False,https://www.tesco.com/groceries/en-GB/products/268585864,https://digitalcontent.api.tesco.com/v2/media/ghs/f0f80c9a-e5ec-4fdb-a8d6-b17d49682395/76b71bd7-c387-444a-a856-0bb24fa63f31_560289034.jpeg?h=225&w=225,Food Cupboard,World Foods
314320924,S & B Japanese Golden Curry Mix in Block 92g,£2.75,£2.99/100g,,,False,,False,,,False,https://www.tesco.com/groceries/en-GB/products/314320924,https://digitalcontent.api.tesco.com/v2/media/ghs/ae55e256-ece6-4a27-87ce-1cd92119c49f/8d9b8c49-02cb-456e-8edb-ce73345574b4_681047718.jpeg?h=225&w=225,Food Cupboard,World Foods
281343475,Kuchnia Polska Sour Cucumber 700G,£2.20,£0.55/100g,,,False,,False,4.1,28,False,https://www.tesco.com/groceries/en-GB/products/281343475,https://digitalcontent.api.tesco.com/v2/media/ghs/10043eb1-aecc-4675-a349-a68c853bf711/fc0d3702-cac4-4542-b5c8-9ea74a26066f_671160063.jpeg?h=225&w=225,Food Cupboard,World Foods
282511494,Grace Coconut Water 1 Litre,£3.25,£0.32/100ml,,,False,,False,3.7,3,False,https://www.tesco.com/groceries/en-GB/products/282511494,https://digitalcontent.api.tesco.com/v2/media/ghs/d9e81cfe-3399-4950-8232-15842682cd72/snapshotimagehandler_433047200.jpeg?h=225&w=225,Food Cupboard,World Foods
305528710,Magicorn Eazy Pop Microwave Popcorn - Butter Flavour 85g,£0.90,£1.06/100g,,,False,,False,,,False,https://www.tesco.com/groceries/en-GB/products/305528710,https://digitalcontent.api.tesco.com/v2/media/ghs/3e8f600c-7676-4904-9e6e-368e5f969b8f/387c0e1d-d178-4392-ac35-4ed671bfc458_2036909219.jpeg?h=225&w=225,Food Cupboard,World Foods
299789795,Krombacher Pils 660Ml,£2.55,£3.86/litre,Any 3 for £6 Clubcard Price - Selected Beers 450ml - 660ml,,True,Offer valid for delivery from 01/04/2025 until 30/04/2025,False,4.4,15,False,https://www.tesco.com/groceries/en-GB/products/299789795,https://digitalcontent.api.tesco.com/v2/media/ghs/514965c2-cfff-4565-a26d-d8fbd10feff4/44d54e57-6408-4807-ac57-e8ad498e2ca7_1492306814.jpeg?h=225&w=225,Food Cupboard,World Foods
271113204,Nurishment Original Flavoured Strawberry Drink 370Ml,£1.65,£0.45/100ml,,,False,,False,,1,False,https://www.tesco.com/groceries/en-GB/products/271113204,https://digitalcontent.api.tesco.com/v2/media/ghs/ead8fa0c-5a84-42b8-abd8-4291a5433ecf/e047a742-3b28-447b-b359-44431a93cd44_1820638065.jpeg?h=225&w=225,Food Cupboard,World Foods
304783673,Balcerzak Turkey Breast Slices 100G,£1.80,£1.80/100g,,,False,,False,,4,False,https://www.tesco.com/groceries/en-GB/products/304783673,https://digitalcontent.api.tesco.com/v2/media/ghs/e0c35c7b-879d-4038-9759-2e1f3e964095/465dc30c-32fe-43ab-be67-b2dfaa54b1d2.jpeg?h=225&w=225,Food Cupboard,World Foods
282010614,Nongshim Instant Shin Cup Noodle Soup 68G,£1.25,£1.84/100g,,,False,,False,4.9,26,False,https://www.tesco.com/groceries/en-GB/products/282010614,https://digitalcontent.api.tesco.com/v2/media/ghs/75ac4fb5-5e2d-464c-ab27-59b0a3d2aca5/b78726cd-9648-438f-a779-5fe18d80aa01_886003243.jpeg?h=225&w=225,Food Cupboard,World Foods
293428213,Solidarnosc Golden Cherry Chocolates In Liqueur 190G,£4.00,£2.10/100g,,,False,,False,4.3,37,False,https://www.tesco.com/groceries/en-GB/products/293428213,https://digitalcontent.api.tesco.com/v2/media/ghs/96e17db0-c99a-4297-8ad2-44672f2be2a1/5568804b-711f-490a-9976-6e5b1d7d7b44_224769878.jpeg?h=225&w=225,Food Cupboard,World Foods
272429768,Tusker Kenyan Lager 500Ml,£2.80,£5.60/litre,,,False,,False,,3,False,https://www.tesco.com/groceries/en-GB/products/272429768,https://digitalcontent.api.tesco.com/v2/media/ghs/94a49d1a-177c-42e6-8eee-83455a66e75b/235661ef-17d5-45d6-99a9-2ca35b46b3fe_2141952196.jpeg?h=225&w=225,Food Cupboard,World Foods
257442342,Maggi Liquid Seasoning 101ml,£1.40,£1.39/100ml,,,False,,False,4.8,34,False,https://www.tesco.com/groceries/en-GB/products/257442342,https://digitalcontent.api.tesco.com/v2/media/ghs/bb7cfb21-4a67-484e-a104-b3f7d4a8281e/4e3f6d62-32cb-4d8d-a67d-d819da044cc8_1090876615.jpeg?h=225&w=225,Food Cupboard,World Foods
288591313,Morliny Wiejska Slices 100G,£1.40,£1.40/100g,,,False,,False,4.5,13,False,https://www.tesco.com/groceries/en-GB/products/288591313,https://digitalcontent.api.tesco.com/v2/media/ghs/98e093b1-d06c-464f-be9c-b1ce69af0ab3/b9cb0cee-b72e-4b35-af99-974c81ffb5c5.jpeg?h=225&w=225,Food Cupboard,World Foods
301340920,Mama Noodle Chicken 90G,£0.95,£10.56/kg,,,False,,False,,1,False,https://www.tesco.com/groceries/en-GB/products/301340920,https://digitalcontent.api.tesco.com/v2/media/ghs/669094b0-a272-43e2-8295-39f9792cd401/f7495e42-03b1-4dea-83f4-abf5a8370c50_482939348.jpeg?h=225&w=225,Food Cupboard,World Foods
264594358,Shana Plain Paratha 5 Pack 400G,£1.90,£0.48/100g,,,False,,False,3.9,11,False,https://www.tesco.com/groceries/en-GB/products/264594358,https://digitalcontent.api.tesco.com/v2/media/ghs/60492c98-1e80-489e-85a2-89d04ec90576/6abe9e1c-3cdc-4f54-ba71-cb27d78ba6da.jpeg?h=225&w=225,Food Cupboard,World Foods
268589186,Puck Cheese Spread Alternative 240G,£1.95,£8.12/kg,,,False,,False,4.4,12,False,https://www.tesco.com/groceries/en-GB/products/268589186,https://digitalcontent.api.tesco.com/v2/media/ghs/e015894b-6d6e-4d8e-a7b1-e0937f31be04/1b1dfb67-3ac5-47f9-aa6c-4b8b88644483_1305992220.jpeg?h=225&w=225,Food Cupboard,World Foods
297133872,Old Jamaica Extra Fiery Zero 330Ml,£0.60,£0.18/100ml,45p Save 25% Clubcard Price,(£0.14/100ml),True,Offer valid for delivery from 16/04/2025 until 03/06/2025,False,,5,False,https://www.tesco.com/groceries/en-GB/products/297133872,https://digitalcontent.api.tesco.com/v2/media/ghs/2164af72-6e9e-48dc-9b74-26ff571bcda1/f85e693d-4ff8-4aa2-9b36-a8e098c13113_1711067351.jpeg?h=225&w=225,Food Cupboard,World Foods
275602817,Jutrzenka Bebe Herbatniki 16G,£0.20,£1.25/100g,,,False,,False,,4,False,https://www.tesco.com/groceries/en-GB/products/275602817,https://digitalcontent.api.tesco.com/v2/media/ghs/41756c5d-eccc-462e-a375-be817605d088/434a4370-34e0-419c-ba13-399bd6f8c331_1923471971.jpeg?h=225&w=225,Food Cupboard,World Foods
271630945,Goplana Grzeski Wafer - Hazelnut 36g,£0.60,£1.67/100g,,,False,,False,,8,False,https://www.tesco.com/groceries/en-GB/products/271630945,https://digitalcontent.api.tesco.com/v2/media/ghs/9ff24f41-2795-4a51-ad66-85d573d4020f/592233a2-68f0-4f69-a788-9fada7372307_741152812.jpeg?h=225&w=225,Food Cupboard,World Foods
259346827,Grace Cock Flavour Soup Mix 50G,£0.75,£1.50/100g,,,False,,False,4.7,6,False,https://www.tesco.com/groceries/en-GB/products/259346827,https://digitalcontent.api.tesco.com/v2/media/ghs/2cb4309f-892e-495d-b49d-97b1b8a51454/22d55961-0b49-4df5-8991-79a5e192cb9c_1678485945.jpeg?h=225&w=225,Food Cupboard,World Foods
263190209,Prymat Breadcrumbs 400G,£1.20,£0.30/100g,,,False,,False,,11,False,https://www.tesco.com/groceries/en-GB/products/263190209,https://digitalcontent.api.tesco.com/v2/media/ghs/8ca510a5-1f8d-4050-ad73-aeedbc2e3160/dcf67ff1-3e1e-49bf-93de-4d5963cba004_897833476.jpeg?h=225&w=225,Food Cupboard,World Foods
260860672,Kucharek Seasoning 200G,£0.90,£4.50/kg,,,False,,False,4.2,21,False,https://www.tesco.com/groceries/en-GB/products/260860672,https://digitalcontent.api.tesco.com/v2/media/ghs/21149cb4-83bf-437e-9724-7349c3f06691/d7a1e555-4583-4ffc-a12a-d9a1fb5464e5_234186700.jpeg?h=225&w=225,Food Cupboard,World Foods
309771178,Kurkure Masala Munch Sharing Bag Crisps 100g,£1.40,£1.40/100g,,,False,,False,4.5,11,False,https://www.tesco.com/groceries/en-GB/products/309771178,https://digitalcontent.api.tesco.com/v2/media/ghs/33a72d88-1465-4175-bf11-6559b2d4330a/464863a3-3548-4579-be97-4d2375002978_96915998.jpeg?h=225&w=225,Food Cupboard,World Foods
277805131,Dunns River Black Beans In Salted Water 400G,£0.80,£3.48/kg DR.WT,,,False,,False,,,False,https://www.tesco.com/groceries/en-GB/products/277805131,https://digitalcontent.api.tesco.com/v2/media/ghs/c6c862e5-cd3f-4fa4-a825-bd5a2575d10c/99ca286b-df9b-426b-b1c1-3b5bb9f74eb1_989477927.jpeg?h=225&w=225,Food Cupboard,World Foods
285069042,Aasani Red Skin Peanut Kernels 500G,£2.00,£4.00/kg,£1.75 Clubcard Price,(£3.50/kg),True,Offer valid for delivery from 12/02/2025 until 21/04/2025,False,4.5,20,False,https://www.tesco.com/groceries/en-GB/products/285069042,https://digitalcontent.api.tesco.com/v2/media/ghs/142bcea0-8d72-473e-b1e7-a2097949edae/a38e1030-acc3-4141-855e-9e9500b75bce_1741915348.jpeg?h=225&w=225,Food Cupboard,World Foods
267584066,Prymat Sweet Paprika 20G,£0.40,£0.20/10g,,,False,,False,4.5,4,False,https://www.tesco.com/groceries/en-GB/products/267584066,https://digitalcontent.api.tesco.com/v2/media/ghs/9e02f387-426a-46ca-9cf4-86998b890aed/40295a86-0668-422e-a10b-b6d0a0ab8ceb_641979250.jpeg?h=225&w=225,Food Cupboard,World Foods
280906192,Aasani Roasted & Salted Jumbo Pistachios 500G,£6.00,£12.00/kg,£5.40 Clubcard Price,(£10.80/kg),True,Offer valid for delivery from 12/02/2025 until 21/04/2025,False,4.3,30,False,https://www.tesco.com/groceries/en-GB/products/280906192,https://digitalcontent.api.tesco.com/v2/media/ghs/8c2d81fc-a869-4014-ab80-445308c583ae/10952163-3a1b-4cec-baf1-3132ea9e2761_1521909055.jpeg?h=225&w=225,Food Cupboard,World Foods
263414246,Goldfish Chinese Curry Sauce Concentrate 405G,£2.90,£0.72/100g,,,False,,False,4.3,64,False,https://www.tesco.com/groceries/en-GB/products/263414246,https://digitalcontent.api.tesco.com/v2/media/ghs/13e72b32-8037-43c6-a4f5-e858a90d4666/075cd9fd-4ad9-4e70-a91c-f18a742e182d_714844837.jpeg?h=225&w=225,Food Cupboard,World Foods
268582625,Tesco Panko Breadcrumbs 150G,£2.10,£1.40/100g,,,False,,False,4.5,26,False,https://www.tesco.com/groceries/en-GB/products/268582625,https://digitalcontent.api.tesco.com/v2/media/ghs/c4fdeda5-76b9-4817-91f0-78d725fee272/92a1c9ae-7826-4c10-821b-dfdc28c8f54e_555506885.jpeg?h=225&w=225,Food Cupboard,World Foods
305522313,Magicorn Eazy Pop Microwave Popcorn - Salted 85g,£0.90,£1.06/100g,,,False,,False,2.5,4,False,https://www.tesco.com/groceries/en-GB/products/305522313,https://digitalcontent.api.tesco.com/v2/media/ghs/5599ac6a-4793-4b3a-bb85-84102eee7dd3/0bf3d4ec-0bc0-4ae2-a06a-18885fecd0ad_1664315447.jpeg?h=225&w=225,Food Cupboard,World Foods
305432159,Supermalt Malt Drink 6 X 330Ml,£5.00,£0.25/100ml,£3.90 Clubcard Price,(£0.20/100ml),True,Offer valid for delivery from 16/04/2025 until 13/05/2025,False,,1,False,https://www.tesco.com/groceries/en-GB/products/305432159,https://digitalcontent.api.tesco.com/v2/media/ghs/509949d5-e232-4432-b467-7f8d15e25bc9/c135fa4f-9747-4629-a7bb-559e06389c14_840273537.jpeg?h=225&w=225,Food Cupboard,World Foods
263294513,Laciate Milk 3.2% 1 Litre,£1.40,£1.40/litre,,,False,,False,4.8,4,False,https://www.tesco.com/groceries/en-GB/products/263294513,https://digitalcontent.api.tesco.com/v2/media/ghs/241ad250-1a9e-498b-9ecf-d25fbd7edce0/fba3ff45-137d-45bb-8180-5ad97fc7726e_99129903.jpeg?h=225&w=225,Food Cupboard,World Foods
313849894,Tropical Sun Instant Full Cream Milk Powder 400G,£4.75,£11.88/kg,,,False,,False,3.5,2,False,https://www.tesco.com/groceries/en-GB/products/313849894,https://digitalcontent.api.tesco.com/v2/media/ghs/dee97ae3-8973-45e9-972c-7e0b9421f3e7/7bbcfb5c-2650-48ac-9f85-9b60c06c1d50_1712400028.jpeg?h=225&w=225,Food Cupboard,World Foods
276732425,Lee Kum Kee Premium Dark Soy Sauce 500Ml,£2.30,£0.46/100ml,,,False,,False,,7,False,https://www.tesco.com/groceries/en-GB/products/276732425,https://digitalcontent.api.tesco.com/v2/media/ghs/d61e27e5-5df6-44de-8bd7-2a07eafae905/b5c6a300-701a-4a33-814d-bb9bf5c12f7e_1659150258.jpeg?h=225&w=225,Food Cupboard,World Foods
301064423,Itsu Miso'easy Traditional Miso 5X21g,£2.00,£1.90/100g,,,False,,False,4.4,13,False,https://www.tesco.com/groceries/en-GB/products/301064423,https://digitalcontent.api.tesco.com/v2/media/ghs/57dc2b24-5a1f-4421-9914-0020ed408bee/1deeb514-63fd-4f86-be32-6f573830bec1_940141275.jpeg?h=225&w=225,Food Cupboard,World Foods
282011020,Nong-Shim Instant Shin Ramyun Noodle Soup 120G,£1.20,£1.00/100g,,,False,,False,4.5,27,False,https://www.tesco.com/groceries/en-GB/products/282011020,https://digitalcontent.api.tesco.com/v2/media/ghs/5d8e2c7e-9458-4852-baa2-aee72d2703c8/f5bab156-b0c0-46a6-96b2-0c86a3de7037_1512677901.jpeg?h=225&w=225,Food Cupboard,World Foods
290696187,Tyskie Polish Beer Lager Bottle 650ml,,,Any 3 for £6 Clubcard Price - Selected Beers 450ml - 660ml,,True,Offer valid for delivery from 01/04/2025 until 30/04/2025,False,,3,False,https://www.tesco.com/groceries/en-GB/products/290696187,https://digitalcontent.api.tesco.com/v2/media/ghs/2e095148-1fbd-4427-8de3-989ac5340aa0/466b60c2-c8d1-485b-8b68-92a58dd64806_1327968090.jpeg?h=225&w=225,Food Cupboard,World Foods
309205239,Tarczynski Exclusive Pork Kabanos 105G,£2.55,£2.43/100g,,,False,,False,4.8,6,False,https://www.tesco.com/groceries/en-GB/products/309205239,https://digitalcontent.api.tesco.com/v2/media/ghs/6957025e-39ee-46df-a834-8e169b6276c5/81f6ee5c-b73a-4ca9-8d77-b9d6398a6577_1411136059.jpeg?h=225&w=225,Food Cupboard,World Foods
274483993,N-Gine Energy Drink Blue 250Ml,£0.55,£0.22/100ml,,,False,,False,,3,False,https://www.tesco.com/groceries/en-GB/products/274483993,https://digitalcontent.api.tesco.com/v2/media/ghs/cb1ef4a6-8794-4608-bc25-c86ee46b33a9/1f127861-c5da-429f-b915-47af06ff503c_536522589.jpeg?h=225&w=225,Food Cupboard,World Foods
254352954,Dunns River Jerk Seasoning 100G,£1.10,£0.11/10g,,,False,,False,,1,False,https://www.tesco.com/groceries/en-GB/products/254352954,https://digitalcontent.api.tesco.com/v2/media/ghs/24022c4c-de9a-4258-8558-d0f942fc4c35/cf0f26c3-d0f4-4803-90e6-7b2a024d63f0_1882825613.jpeg?h=225&w=225,Food Cupboard,World Foods
254991721,Dunns River Chicken Seasoning 100G,£1.10,£1.10/100g,,,False,,False,,,False,https://www.tesco.com/groceries/en-GB/products/254991721,https://digitalcontent.api.tesco.com/v2/media/ghs/0ae92777-24fc-4a42-a31b-15b9d76ba156/279be22e-679b-47c9-b285-4d87846ea51a_959655877.jpeg?h=225&w=225,Food Cupboard,World Foods
301596127,Pride Lime Juice 250Ml,£1.00,£0.40/100ml,,,False,,False,,1,False,https://www.tesco.com/groceries/en-GB/products/301596127,https://digitalcontent.api.tesco.com/v2/media/ghs/203ab4af-e792-46a5-b95a-45976517477e/2f06ba2b-c6d3-4d3c-a9cc-67085a53b6b1_1674629068.jpeg?h=225&w=225,Food Cupboard,World Foods
298576956,4Move Active Magnesium Vitamin Drink 250Ml,£0.60,£0.24/100ml,,,False,,False,3.8,12,False,https://www.tesco.com/groceries/en-GB/products/298576956,https://digitalcontent.api.tesco.com/v2/media/ghs/be83faa7-91a6-44af-bb29-4eeabb267769/68b39739-1655-410a-83aa-1394318773fa_1158421303.jpeg?h=225&w=225,Food Cupboard,World Foods
260745740,East End Garlic Powder 100G,£1.30,£0.13/10g,,,False,,False,3.5,2,False,https://www.tesco.com/groceries/en-GB/products/260745740,https://digitalcontent.api.tesco.com/v2/media/ghs/38dc9693-f10d-48e0-aa9f-ac7f583a6a5d/4be96f03-8fed-4c35-9d5d-44b2c66b7ef0_1740029324.jpeg?h=225&w=225,Food Cupboard,World Foods
270951866,Tahira Halal Chicken Frankfurters 10S 340G,£1.60,£4.71/kg,,,False,,False,4.5,4,False,https://www.tesco.com/groceries/en-GB/products/270951866,https://digitalcontent.api.tesco.com/v2/media/ghs/eca04ab2-1e0a-401a-93bb-f9da55f60c23/db42da18-12b6-43e9-97fa-3c280f591099.jpeg?h=225&w=225,Food Cupboard,World Foods
282152837,Haribo Halal Goldbears 100g,£1.25,£1.25/100g,,,False,,False,,4,False,https://www.tesco.com/groceries/en-GB/products/282152837,https://digitalcontent.api.tesco.com/v2/media/ghs/7c080a20-92bc-4d67-9a6f-efd5f473ca73/43a8d416-c79e-4ebb-b408-6c2b4796a727_616425872.jpeg?h=225&w=225,Food Cupboard,World Foods
271762074,Grace Pumpkin Soup Mix 50G,£0.75,£1.50/100g,,,False,,False,,2,False,https://www.tesco.com/groceries/en-GB/products/271762074,https://digitalcontent.api.tesco.com/v2/media/ghs/df135318-17aa-44ca-8758-fdbd4a944234/f7aa9046-c451-4be2-a383-501e79e9df6a_1523581127.jpeg?h=225&w=225,Food Cupboard,World Foods
263197611,Jutrzenka Familijne Wafers - Cocoa 180g,£1.10,£0.61/100g,85p Clubcard Price,(£0.47/100g),True,Offer valid for delivery from 16/04/2025 until 06/05/2025,False,3.7,19,False,https://www.tesco.com/groceries/en-GB/products/263197611,https://digitalcontent.api.tesco.com/v2/media/ghs/cd44c783-1fa3-4829-aaf9-b8823cf8827f/db7676a2-bc73-4aa3-9150-5777a820775c_1556759623.jpeg?h=225&w=225,Food Cupboard,World Foods
272556968,Regal Snacks Popcorn - Sweet 250g,£1.80,£0.72/100g,,,False,,False,,7,False,https://www.tesco.com/groceries/en-GB/products/272556968,https://digitalcontent.api.tesco.com/v2/media/ghs/b566b2e6-26fb-4985-8f52-ac54c9f11801/75128777-f0bc-4e84-806e-e63709737a23_436379619.jpeg?h=225&w=225,Food Cupboard,World Foods
290882116,Lowicz Kefir Yogurt Drink 400G,£0.90,£0.22/100g,,,False,,False,3.9,36,False,https://www.tesco.com/groceries/en-GB/products/290882116,https://digitalcontent.api.tesco.com/v2/media/ghs/7b8443b0-45c0-448a-8684-8cf81adeb170/d60f0dc4-63bc-4af9-ac06-3422f825539a.jpeg?h=225&w=225,Food Cupboard,World Foods
259741019,East End Ground Cumin Powder 100G,,,,,False,,False,,,False,https://www.tesco.com/groceries/en-GB/products/259741019,https://digitalcontent.api.tesco.com/v2/media/ghs/fed09d5a-10a3-4f3e-9350-9969b0670b79/0bc596dc-455a-4e21-820f-ec0b6c735f35_1420694498.jpeg?h=225&w=225,Food Cupboard,World Foods
287549729,Cofresh Chilli & Lemon Flavour Potato Grills 80G,£1.30,£1.62/100g,,,False,,False,4.6,14,False,https://www.tesco.com/groceries/en-GB/products/287549729,https://digitalcontent.api.tesco.com/v2/media/ghs/f565969a-bc44-4f27-b059-c1d2934c5459/7c4172d7-f4dd-429a-b234-9445029b0c64_1700541712.jpeg?h=225&w=225,Food Cupboard,World Foods
259214581,Island Sun Coconut Milk 400Ml,£1.00,£2.50/litre,,,False,,False,1.9,16,False,https://www.tesco.com/groceries/en-GB/products/259214581,https://digitalcontent.api.tesco.com/v2/media/ghs/8abb75ea-248f-4314-8491-caa7c710fac0/7aa0a349-7cb9-494b-b886-7d528ea33081_1871534197.jpeg?h=225&w=225,Food Cupboard,World Foods
272409815,Aasani Chapattis 8S 360G,£1.00,£0.28/100g,85p Clubcard Price,(£0.24/100g),True,Offer valid for delivery from 31/03/2025 until 22/04/2025,False,3.9,11,False,https://www.tesco.com/groceries/en-GB/products/272409815,https://digitalcontent.api.tesco.com/v2/media/ghs/6df5258c-f71a-4076-aed4-50425e239ac3/47315c5e-80ce-4576-a06e-ccda6a9d53a2_191175474.jpeg?h=225&w=225,Food Cupboard,World Foods
256171675,Laila Basmati Rice 10Kg,£19.75,£1.98/kg,,,False,,False,,63,False,https://www.tesco.com/groceries/en-GB/products/256171675,https://digitalcontent.api.tesco.com/v2/media/ghs/1e453be3-156e-40c9-949a-4dbe8fdee614/3641326c-ead5-4add-be29-5fc2fce9a0cc_527703548.jpeg?h=225&w=225,Food Cupboard,World Foods
305050548,Cawoods Skinless & Boneless Saltfish 200G,£3.25,£1.62/100g,,,False,,False,1.8,10,False,https://www.tesco.com/groceries/en-GB/products/305050548,https://digitalcontent.api.tesco.com/v2/media/ghs/924def27-4bda-499a-ab6a-34ee379fe452/334a6abe-4bb8-4943-93c8-6ea9645dd5ab_771842402.jpeg?h=225&w=225,Food Cupboard,World Foods
268606772,Tahira Slice Turkey Salami 125G,,,,,False,,False,,,False,https://www.tesco.com/groceries/en-GB/products/268606772,https://digitalcontent.api.tesco.com/v2/media/ghs/b31f45b6-df83-4c1d-9c98-fe456f5d05d5/d14de3cb-cd42-4bd2-901f-52c44622edd4.jpeg?h=225&w=225,Food Cupboard,World Foods
305735211,Island Sun Dried Salted Skinless & Boneless Saltfish 250G,£3.65,£1.46/100g,,,False,,False,3.5,2,False,https://www.tesco.com/groceries/en-GB/products/305735211,https://digitalcontent.api.tesco.com/v2/media/ghs/067ae569-1e67-4172-873a-a694d2f97518/6c48c7ba-359b-4a43-b73e-d8141d15c760_1904950782.jpeg?h=225&w=225,Food Cupboard,World Foods
309206250,Tiger Zero Energy Drink Sugar Free 250Ml,£0.80,£0.32/100ml,,,False,,False,,3,False,https://www.tesco.com/groceries/en-GB/products/309206250,https://digitalcontent.api.tesco.com/v2/media/ghs/8398dcf9-b287-486e-b9e1-9fb8d380451f/0cfe3ae4-86a4-4732-84f9-c911bd4fbd0a_1520640200.jpeg?h=225&w=225,Food Cupboard,World Foods
309171180,Tiger Energy Drink 250Ml,£0.80,£0.32/100ml,,,False,,False,,,False,https://www.tesco.com/groceries/en-GB/products/309171180,https://digitalcontent.api.tesco.com/v2/media/ghs/d6995d83-c7d3-4b4a-b950-2090a6f0a7a3/2eb0a352-5e48-4609-8059-8bb5f7c66cd5_1992569599.jpeg?h=225&w=225,Food Cupboard,World Foods
272109404,Grace 100% Halal Corned Beef 340G,£4.00,£1.18/100g,,,False,,False,,,False,https://www.tesco.com/groceries/en-GB/products/272109404,https://digitalcontent.api.tesco.com/v2/media/ghs/f224bb5e-954d-4421-b50c-1b6138d4b9b1/165b1b08-78f8-4abf-8491-de5a6765391f_1727570276.jpeg?h=225&w=225,Food Cupboard,World Foods
302010175,Morliny Frankfurters 350G,£2.60,£0.74/100g,,,False,,False,2.2,12,False,https://www.tesco.com/groceries/en-GB/products/302010175,https://digitalcontent.api.tesco.com/v2/media/ghs/96674204-91fa-4190-acfe-3c184e75b8dc/14107f48-79b1-4e51-b140-0222cb9daf32.jpeg?h=225&w=225,Food Cupboard,World Foods
279842342,"Kubus Strawberry, Apple, Banana, Carrot Mousse 100g",£0.85,£0.85/100g,,,False,,False,4.6,7,False,https://www.tesco.com/groceries/en-GB/products/279842342,https://digitalcontent.api.tesco.com/v2/media/ghs/b37ef9fb-69c1-414f-b8de-edff28694343/5ea2e02c-49ed-4435-9041-ed99cf0343a6_1374651036.jpeg?h=225&w=225,Food Cupboard,World Foods
288568578,Mlekovita Mazdamer Cheese Slices 150g,£1.85,£12.33/kg,,,False,,False,3.2,9,False,https://www.tesco.com/groceries/en-GB/products/288568578,https://digitalcontent.api.tesco.com/v2/media/ghs/21b21ed5-3432-4fe1-a3c6-874cb01a0a02/56bb532b-9d75-4198-9acc-0d7a7d0de547.jpeg?h=225&w=225,Food Cupboard,World Foods
305247506,Encona Scotch Bonnet Pepper Extra Hot Sauce 220Ml,£1.70,£0.77/100ml,,,False,,False,,2,False,https://www.tesco.com/groceries/en-GB/products/305247506,https://digitalcontent.api.tesco.com/v2/media/ghs/ede78be2-2338-4000-a6f1-501dcc337a86/8bf19ec8-00aa-4013-8fca-cae35a9d95b6_1822385790.jpeg?h=225&w=225,Food Cupboard,World Foods
261227540,Ko-Lee Go Noodles Roast Chicken 65G,£1.00,£15.38/kg,,,False,,False,3.3,6,False,https://www.tesco.com/groceries/en-GB/products/261227540,https://digitalcontent.api.tesco.com/v2/media/ghs/bbcb06ef-56f0-480e-9040-17551b3aa49d/890a07eb-a022-429d-bed8-81deee67f389_927209606.jpeg?h=225&w=225,Food Cupboard,World Foods
291347980,Morliny Berlinki Chicken 250G,£1.60,£0.64/100g,,,False,,False,,7,False,https://www.tesco.com/groceries/en-GB/products/291347980,https://digitalcontent.api.tesco.com/v2/media/ghs/227eb738-feab-4973-a1be-ebf5847052f9/1d4370b9-3af7-4ee2-9b33-890e68cceea9.jpeg?h=225&w=225,Food Cupboard,World Foods
275505034,Lubella Fluffy Cake Flour 1Kg,£1.50,£1.50/kg,£1.05 Clubcard Price,(£1.05/kg),True,Offer valid for delivery from 16/04/2025 until 06/05/2025,False,3.6,55,False,https://www.tesco.com/groceries/en-GB/products/275505034,https://digitalcontent.api.tesco.com/v2/media/ghs/a19db222-9ae8-4d35-8e8b-d38c2102b181/14e2d5a6-ee09-4c4c-91be-a748b2ca3ed8_93723682.jpeg?h=225&w=225,Food Cupboard,World Foods
271761473,Dunns River Creamed Coconut 200G,£1.75,£8.75/kg,,,False,,False,4.5,2,False,https://www.tesco.com/groceries/en-GB/products/271761473,https://digitalcontent.api.tesco.com/v2/media/ghs/72c95f3b-c3df-4ee8-977e-04cf73e09359/bf150af3-57ce-49f9-979f-0e3991ba46bd_533935480.jpeg?h=225&w=225,Food Cupboard,World Foods
264056368,U Jedrusia Dumplings with Cottage Cheese and Potato 400g,£1.55,£3.88/kg,,,False,,False,3.4,16,False,https://www.tesco.com/groceries/en-GB/products/264056368,https://digitalcontent.api.tesco.com/v2/media/ghs/faadc96b-e24f-468d-95b5-54a14d2cfffd/d10fc28c-d350-4100-a96a-8eb36ab17b7e.jpeg?h=225&w=225,Food Cupboard,World Foods
261625437,Rubicon Still Mango Juice Drink 288Ml Carton,£0.80,£0.28/100ml,,,False,,False,2.5,4,False,https://www.tesco.com/groceries/en-GB/products/261625437,https://digitalcontent.api.tesco.com/v2/media/ghs/c99fc79c-c173-4d82-a99c-e3377611d724/948feeee-1230-44d4-9877-994d7b8dcfa8_1059696623.jpeg?h=225&w=225,Food Cupboard,World Foods
251286340,Rubicon Still Lychee Juice Drink 1 Litre Carton,£1.85,£0.18/100ml,,,False,,False,2.8,10,False,https://www.tesco.com/groceries/en-GB/products/251286340,https://digitalcontent.api.tesco.com/v2/media/ghs/3cf3d25d-7b2d-49d0-b218-5e1302d22918/92665acd-c1bc-4525-88bf-084c8af59ddf_103553851.jpeg?h=225&w=225,Food Cupboard,World Foods
262110048,Winiary Mayonnaise 400Ml,£2.25,£0.56/100ml,,,False,,False,4.6,67,False,https://www.tesco.com/groceries/en-GB/products/262110048,https://digitalcontent.api.tesco.com/v2/media/ghs/d0783502-c743-4842-b310-57dbc82d3c1e/9f016080-fb8c-45f6-a9ee-17f857bd626f_1722461533.jpeg?h=225&w=225,Food Cupboard,World Foods
260742933,East End Chinese Cinnamon Sticks 100G,£1.30,£0.13/10g,,,False,,False,1.7,14,False,https://www.tesco.com/groceries/en-GB/products/260742933,https://digitalcontent.api.tesco.com/v2/media/ghs/27803fa9-59b0-4eaa-ac3c-bdc3e5bf4a37/d16f9615-72a2-4b44-a5b3-b51eaac15449_1733695609.jpeg?h=225&w=225,Food Cupboard,World Foods
261176766,Nishaan Traditional Roti 350G,£1.15,£0.33/100g,,,False,,False,3.4,5,False,https://www.tesco.com/groceries/en-GB/products/261176766,https://digitalcontent.api.tesco.com/v2/media/ghs/e3b14fef-000d-4041-848e-40885f9e3569/f36b4240-d106-492a-80ca-30ac8ae93a8b_953403407.jpeg?h=225&w=225,Food Cupboard,World Foods
267765676,Jammin Sparkling Pineapple Drink 2 Litres,£1.00,£0.05/100ml,,,False,,False,,3,False,https://www.tesco.com/groceries/en-GB/products/267765676,https://digitalcontent.api.tesco.com/v2/media/ghs/a810aa8a-b1df-4ae4-9ff6-0e48cd37b17d/9a14b0b8-7efb-4ed6-bab6-50ca31ba2f75_1933784505.jpeg?h=225&w=225,Food Cupboard,World Foods
267573995,Maltina Classic Malt Drink Bottle 330Ml,£1.00,£0.30/100ml,,,False,,False,,,False,https://www.tesco.com/groceries/en-GB/products/267573995,https://digitalcontent.api.tesco.com/v2/media/ghs/403b388c-1674-4634-b62a-29fbcd4a88be/f717d5c5-0a82-47a6-a298-054e4332ecda_858483366.jpeg?h=225&w=225,Food Cupboard,World Foods
275389752,Ka Sparkling Pineapple 330Ml Can,£0.65,£0.20/100ml,,,False,,False,,,False,https://www.tesco.com/groceries/en-GB/products/275389752,https://digitalcontent.api.tesco.com/v2/media/ghs/878ca9b9-8a3f-44a7-aef5-1939b9324ae7/b55ec97f-3f2a-40ee-bfde-07ca67f1c043_274493837.jpeg?h=225&w=225,Food Cupboard,World Foods
271657355,Tesco Medium Chapatti Flour 10Kg,£7.50,£0.75/kg,,,False,,False,4.2,65,False,https://www.tesco.com/groceries/en-GB/products/271657355,https://digitalcontent.api.tesco.com/v2/media/ghs/9fdb3bcd-be63-4019-a30b-dc2b2f9e36a7/bf54579c-83e4-4f8d-b9e0-7e4d62cd73d9_1459473298.jpeg?h=225&w=225,Food Cupboard,World Foods
271761093,Dunns River Ackee In Salted Water 540G,£6.25,£11.57/kg DR.WT,,,False,,False,4.9,8,False,https://www.tesco.com/groceries/en-GB/products/271761093,https://digitalcontent.api.tesco.com/v2/media/ghs/d604bc43-f058-4757-ab4c-06e0b87ed035/d3c00b4f-0317-4487-a3c0-3d66d3f5022e_801288673.jpeg?h=225&w=225,Food Cupboard,World Foods
260148289,Nido Instant Full Cream Milk Powder Tin 400g,£6.00,£15.00/kg,£4.50 Save 25% Clubcard Price,(£11.25/kg),True,Offer valid for delivery from 16/04/2025 until 03/06/2025,False,,20,False,https://www.tesco.com/groceries/en-GB/products/260148289,https://digitalcontent.api.tesco.com/v2/media/ghs/77cc398c-7417-440c-8375-3e883664ad56/23942d5d-4e25-4682-9446-53d55f835ca7_435116484.jpeg?h=225&w=225,Food Cupboard,World Foods
313970046,Mother Africa Shito Spicy Pepper Sauce Mild 160ml,£3.50,£1.11/100ml,,,False,,False,,,False,https://www.tesco.com/groceries/en-GB/products/313970046,https://digitalcontent.api.tesco.com/v2/media/ghs/1c191ca1-b5fa-4ebd-80b8-15939853a489/f08a64fe-3b37-426f-8668-1fc57d18853a_1341079381.jpeg?h=225&w=225,Food Cupboard,World Foods
253662911,Yutaka Sushi Nori 11G,£2.00,£181.82/kg,,,False,,False,,,False,https://www.tesco.com/groceries/en-GB/products/253662911,https://digitalcontent.api.tesco.com/v2/media/ghs/31a17bb3-297b-44e4-8671-9dba74135186/5ad7fcbe-1c4b-436f-a23a-0328e0ee2627_244292386.jpeg?h=225&w=225,Food Cupboard,World Foods
267776029,East End Popcorn 500G,£1.90,£3.80/kg,,,False,,False,4.5,4,False,https://www.tesco.com/groceries/en-GB/products/267776029,https://digitalcontent.api.tesco.com/v2/media/ghs/6ac07a4e-8f26-4006-b2d5-8d3a8dd3c8a3/452bf449-d42e-41df-b446-d5522551676f_678986365.jpeg?h=225&w=225,Food Cupboard,World Foods
313752846,Wedel Vanilla Marshmallow in Dark Chocolate 340g,£4.70,£1.38/100g,£3.80 Clubcard Price,(£1.12/100g),True,Offer valid for delivery from 16/04/2025 until 06/05/2025,False,,2,False,https://www.tesco.com/groceries/en-GB/products/313752846,https://digitalcontent.api.tesco.com/v2/media/ghs/cf7d1e40-e5ff-40e6-91e5-422288e98372/127b8f6c-bf5d-4d39-904b-4abe12071c52_1182598556.jpeg?h=225&w=225,Food Cupboard,World Foods
263204408,Lowicz Raspberry Syrup 400Ml,£2.20,£0.55/100ml,,,False,,False,4.9,16,False,https://www.tesco.com/groceries/en-GB/products/263204408,https://digitalcontent.api.tesco.com/v2/media/ghs/2ef9b723-a1c0-4e7f-984e-f896dee72374/753361d8-9c97-408f-bdb5-33fd6a79b1ed_986445648.jpeg?h=225&w=225,Food Cupboard,World Foods
273169578,Wonderfarm Young Coconut Water 330Ml,£1.10,£0.36/100ml,,,False,,False,2.9,10,False,https://www.tesco.com/groceries/en-GB/products/273169578,https://digitalcontent.api.tesco.com/v2/media/ghs/1c1d3cc6-88b7-4db4-afb2-699c32cfa3ad/8db627cc-a8a0-4528-bbdb-ad4c4977ed9a_534020840.jpeg?h=225&w=225,Food Cupboard,World Foods
290359587,Lisner Matjas Herring Fillets 400G,,,,,False,,False,3.1,55,False,https://www.tesco.com/groceries/en-GB/products/290359587,https://digitalcontent.api.tesco.com/v2/media/ghs/4328271e-b4fb-43c1-8550-a8f70cbfee6c/364394b7-b488-4cec-a05b-8dabf460dfb3.jpeg?h=225&w=225,Food Cupboard,World Foods
276731668,Lee Kum Kee Panda Oyster Sauce 510G,£2.60,£0.51/100g,,,False,,False,2.9,8,False,https://www.tesco.com/groceries/en-GB/products/276731668,https://digitalcontent.api.tesco.com/v2/media/ghs/b1a8259d-fd6a-4e6b-ba89-517e4dc817dd/f6a934c8-320c-43d7-be22-6f711e071a4d_587619328.jpeg?h=225&w=225,Food Cupboard,World Foods
268111844,Samai Salted Plantain Chips 75G,£0.85,£1.13/100g,,,False,,False,,4,False,https://www.tesco.com/groceries/en-GB/products/268111844,https://digitalcontent.api.tesco.com/v2/media/ghs/1325dbcd-ed0b-4956-805b-d3be83b0bcca/ba7dac77-bd66-439a-b06a-1d1933bdf862_1709245498.jpeg?h=225&w=225,Food Cupboard,World Foods
271208035,Pride Creamed Coconut 198G,£1.30,£6.57/kg,,,False,,False,,3,False,https://www.tesco.com/groceries/en-GB/products/271208035,https://digitalcontent.api.tesco.com/v2/media/ghs/75d2c44f-fe73-4a65-bd04-a6b6879f6d61/dac592ff-e3f7-48ad-a1e4-4797480a978d_910053489.jpeg?h=225&w=225,Food Cupboard,World Foods
259685863,East End Ground Coriander Powder 100G,£1.30,£0.13/10g,,,False,,False,4.5,2,False,https://www.tesco.com/groceries/en-GB/products/259685863,https://digitalcontent.api.tesco.com/v2/media/ghs/0ba8e785-2977-4d5f-82de-bbc14b95e52f/842308e4-326c-481e-9d45-cf76fb50df32_1502629682.jpeg?h=225&w=225,Food Cupboard,World Foods
292887033,Regal Siprus Pink Guava Nectar 2 Litres,£3.15,£0.16/100ml,,,False,,False,,3,False,https://www.tesco.com/groceries/en-GB/products/292887033,https://digitalcontent.api.tesco.com/v2/media/ghs/16533290-24e8-4067-aee4-849e3ef6f264/2ef22b9e-d76a-4130-8957-97ad19829cec_1596214983.jpeg?h=225&w=225,Food Cupboard,World Foods
285102222,Excelsior Jamaican Water Crackers 220G,£1.35,£0.61/100g,,,False,,False,,1,False,https://www.tesco.com/groceries/en-GB/products/285102222,https://digitalcontent.api.tesco.com/v2/media/ghs/b8cee273-6e13-441b-9d2e-10f7d0edad0f/eae411b5-ca68-4cb3-84cd-f905a8be909d_1697130935.jpeg?h=225&w=225,Food Cupboard,World Foods
259347043,Lubella Pasta 400G,£1.35,£3.38/kg,,,False,,False,,6,False,https://www.tesco.com/groceries/en-GB/products/259347043,https://digitalcontent.api.tesco.com/v2/media/ghs/78b9a0a7-02ed-469d-823d-2adb1f0f50aa/2c1a2e94-1d3b-42d5-b245-be803dc79906_739787091.jpeg?h=225&w=225,Food Cupboard,World Foods
260148214,Tropical Sun Jamaican Ackee In Salted Water 280G,£3.00,£10.71/kg DR.WT,,,False,,False,,,False,https://www.tesco.com/groceries/en-GB/products/260148214,https://digitalcontent.api.tesco.com/v2/media/ghs/b7740f76-2cc8-4786-85fc-ef02e780824b/78d93fb5-adbe-4da1-86d3-faef8abc8adb_971692782.jpeg?h=225&w=225,Food Cupboard,World Foods
254352862,Dunns River Everyday Seasoning 100G,£1.10,£0.11/10g,,,False,,False,,1,False,https://www.tesco.com/groceries/en-GB/products/254352862,https://digitalcontent.api.tesco.com/v2/media/ghs/28db6d8c-895d-4de0-8b6e-4669c5cb1a4e/198aae9f-1009-404e-b0fb-0592104d5f60_1225583734.jpeg?h=225&w=225,Food Cupboard,World Foods
271329243,Niru Faluda Drink 290Ml,£1.40,£0.48/100ml,,,False,,False,4.5,8,False,https://www.tesco.com/groceries/en-GB/products/271329243,https://digitalcontent.api.tesco.com/v2/media/ghs/2ae93030-09db-4b14-a457-c4cd32f6324a/d8122d79-321f-4e7b-b7d1-fbc71bcbf673_1702749916.jpeg?h=225&w=225,Food Cupboard,World Foods
280805714,Alibi Max Chocolate Bar With Coconut & Caramel 49G,£0.75,£1.53/100g,,,False,,False,4.4,14,False,https://www.tesco.com/groceries/en-GB/products/280805714,https://digitalcontent.api.tesco.com/v2/media/ghs/af711ad4-08a3-4617-a9c4-b49eb4f7d795/f70fee20-658d-422b-9f01-0f537518589d_489301213.jpeg?h=225&w=225,Food Cupboard,World Foods
308464019,Haribo Halal Happy Cola Zing 100G,£1.25,£1.25/100g,,,False,,False,,,False,https://www.tesco.com/groceries/en-GB/products/308464019,https://digitalcontent.api.tesco.com/v2/media/ghs/58c34fba-851f-42c7-8511-c6d50169a63b/4b8abac1-5e6a-485d-80f5-dca68c02f9d2_807021072.jpeg?h=225&w=225,Food Cupboard,World Foods
301596283,Cofresh Hot Bombay Mix 325G,£1.65,£0.51/100g,,,False,,False,,2,False,https://www.tesco.com/groceries/en-GB/products/301596283,https://digitalcontent.api.tesco.com/v2/media/ghs/6a046e15-556a-4e9e-a1c1-1e2b9cca675e/d1102b1b-d2c8-41a4-9664-d11559fe7e16_800541848.jpeg?h=225&w=225,Food Cupboard,World Foods
259347319,Grace Chicken Flavour Noodle Soup Mix 60G,£0.75,£1.25/100g,,,False,,False,2.5,8,False,https://www.tesco.com/groceries/en-GB/products/259347319,https://digitalcontent.api.tesco.com/v2/media/ghs/7b552f5e-28bb-4df5-81aa-f8fbef3ee24b/f3910696-0f28-4700-a8cf-8eda23b1c846_880414638.jpeg?h=225&w=225,Food Cupboard,World Foods
301596248,Cofresh Chilli & Lemon Bombay Mix 325G,,,,,False,,False,,6,False,https://www.tesco.com/groceries/en-GB/products/301596248,https://digitalcontent.api.tesco.com/v2/media/ghs/d2d83ebc-4d35-4bb1-a02c-a0b6d68f3d40/07331506-ac42-4885-a39e-0a304c558da6_1547457061.jpeg?h=225&w=225,Food Cupboard,World Foods
272556945,Regal Snacks Salted Popcorn 150g,£1.80,£1.20/100g,,,False,,False,,4,False,https://www.tesco.com/groceries/en-GB/products/272556945,https://digitalcontent.api.tesco.com/v2/media/ghs/30373ee4-566f-417b-8c3b-999f33610e96/562316a2-3531-4cac-a676-35aa63c805a7_646955169.jpeg?h=225&w=225,Food Cupboard,World Foods
271197109,Cofresh Karela 300G,£1.00,£3.33/kg,,,False,,False,2.2,4,False,https://www.tesco.com/groceries/en-GB/products/271197109,https://digitalcontent.api.tesco.com/v2/media/ghs/cac8ea2c-3bb1-4d1f-8ecb-1b5ea3b38c5e/d2886950-e71b-4439-a8e1-3a38b900cc57.jpeg?h=225&w=225,Food Cupboard,World Foods
267766295,Jammin Sparkling Black Grape Drink 2 Litres,£1.00,£0.05/100ml,,,False,,False,3.6,5,False,https://www.tesco.com/groceries/en-GB/products/267766295,https://digitalcontent.api.tesco.com/v2/media/ghs/efaa4259-8450-46b9-beff-cf2f49fff714/3be0ad28-bb42-4a4a-a1a6-e11945dd15f1_1774823779.jpeg?h=225&w=225,Food Cupboard,World Foods
255934034,Dunns River Gungo Peas 400G,£0.80,£2.00/kg DR.WT,,,False,,False,,2,False,https://www.tesco.com/groceries/en-GB/products/255934034,https://digitalcontent.api.tesco.com/v2/media/ghs/d00b122c-14d7-4d1b-9127-594bbd13f3f9/020569ec-b29f-4699-8500-ed7c119460ff_2133129574.jpeg?h=225&w=225,Food Cupboard,World Foods
259685759,East End Garam Masala Powder 100G,£1.30,£0.13/10g,,,False,,False,,3,False,https://www.tesco.com/groceries/en-GB/products/259685759,https://digitalcontent.api.tesco.com/v2/media/ghs/41ca876d-d3b0-4274-b66b-97fae2219f4d/c5e65b4b-101e-4f24-a4a5-4bac68bb38b7_1705839651.jpeg?h=225&w=225,Food Cupboard,World Foods
301269417,Rubicon Sparkling Mango Drink 18 X 330Ml,£8.50,£0.14/100ml,,,False,,False,,2,False,https://www.tesco.com/groceries/en-GB/products/301269417,https://digitalcontent.api.tesco.com/v2/media/ghs/a60f29fc-de42-4003-bfe3-e25818dd8247/e5942d19-c631-49d5-9364-bc6993de2ec3_257077571.jpeg?h=225&w=225,Food Cupboard,World Foods
267791644,East End Pure Butter Ghee 500G,£7.50,£15.00/kg,,,False,,False,4.5,11,False,https://www.tesco.com/groceries/en-GB/products/267791644,https://digitalcontent.api.tesco.com/v2/media/ghs/d1416839-9284-49b1-a0c2-4408d384d605/ea2ea412-5190-472b-81fe-a841dd92518e_1655325260.jpeg?h=225&w=225,Food Cupboard,World Foods
272672231,Blue Dragon Rice Vinegar 150Ml,£2.20,£1.47/100ml,£1.50 Clubcard Price,(£1.00/100ml),True,Offer valid for delivery from 16/04/2025 until 10/06/2025,False,,1,False,https://www.tesco.com/groceries/en-GB/products/272672231,https://digitalcontent.api.tesco.com/v2/media/ghs/467d07ac-d440-4168-93dd-980ea4b7f5b0/f63533dd-1b36-43cb-8693-eda809da3944_1367827945.jpeg?h=225&w=225,Food Cupboard,World Foods
304795872,Duda Torunska Sausage 440G,£3.90,£0.89/100g,,,False,,False,,9,False,https://www.tesco.com/groceries/en-GB/products/304795872,https://digitalcontent.api.tesco.com/v2/media/ghs/f661c291-4ff4-411b-ac58-fa821efdb64b/601e8d5e-1573-407e-af97-73c19971f662.jpeg?h=225&w=225,Food Cupboard,World Foods
303128144,Dunns River Jamaican Jerk Seasoning 300G,£2.50,£0.83/100g,£2.20 Clubcard Price,(£0.73/100g),True,Offer valid for delivery from 16/04/2025 until 03/06/2025,False,3.3,21,False,https://www.tesco.com/groceries/en-GB/products/303128144,https://digitalcontent.api.tesco.com/v2/media/ghs/49411f0a-05f4-4ef8-b98d-afed5b43b925/d3a9ef00-941b-46eb-a693-ee9ff4263154_1694561070.jpeg?h=225&w=225,Food Cupboard,World Foods
271113227,Nurishment The Original Flavoured Banana Drink 370Ml,£1.65,£0.45/100ml,,,False,,False,,,False,https://www.tesco.com/groceries/en-GB/products/271113227,https://digitalcontent.api.tesco.com/v2/media/ghs/2f9b4165-6351-4723-86c4-1f8dda59fcf7/317abe46-1f5d-4f64-b900-fc51676a989e_1151133767.jpeg?h=225&w=225,Food Cupboard,World Foods
259903883,Dragon Stout 284ml,£1.90,£6.69/litre,,,False,,False,4.3,3,False,https://www.tesco.com/groceries/en-GB/products/259903883,https://digitalcontent.api.tesco.com/v2/media/ghs/6cfbf8ab-8c07-43c9-97d9-1705ebcedfb2/snapshotimagehandler_921859306.jpeg?h=225&w=225,Food Cupboard,World Foods
266315026,Grace Mighty Malt Drink 6 X 330Ml,£5.00,£0.25/100ml,,,False,,False,,3,False,https://www.tesco.com/groceries/en-GB/products/266315026,https://digitalcontent.api.tesco.com/v2/media/ghs/6e79748c-b1b4-49b0-a3bf-118a3255d466/70da7a60-91db-4512-b6ee-7136fc1ef8a8_81706178.jpeg?h=225&w=225,Food Cupboard,World Foods
282011227,Nongshim Kimchi Noodle Soup 120g,£1.20,£1.00/100g,,,False,,False,4.8,13,False,https://www.tesco.com/groceries/en-GB/products/282011227,https://digitalcontent.api.tesco.com/v2/media/ghs/19dcb4de-6864-4401-82db-812e9a113e64/7ab97840-2d9e-48b0-8ce0-706928dfd37a_2096182507.jpeg?h=225&w=225,Food Cupboard,World Foods
268112336,Samai Sweet Plantain Chips 75G,£0.85,£1.13/100g,,,False,,False,,4,False,https://www.tesco.com/groceries/en-GB/products/268112336,https://digitalcontent.api.tesco.com/v2/media/ghs/a7493440-e1e3-498c-9ab6-c2c3f5f136f3/6761f61d-1e7e-4f66-9108-8266d3d3b97c_1988297402.jpeg?h=225&w=225,Food Cupboard,World Foods
281002960,Niru Tamarind Paste 454G,£2.25,£4.96/kg,,,False,,False,3.9,9,False,https://www.tesco.com/groceries/en-GB/products/281002960,https://digitalcontent.api.tesco.com/v2/media/ghs/24c986df-d7d1-4826-91d3-e58fbae10c23/12a811c9-4a65-4620-be19-cc741d230289_30275464.jpeg?h=225&w=225,Food Cupboard,World Foods
250199560,Baldwins Sarsaparilla 1 Litre,£2.15,£0.22/100ml,,,False,,False,2.8,9,False,https://www.tesco.com/groceries/en-GB/products/250199560,https://digitalcontent.api.tesco.com/v2/media/ghs/0ad3139d-12c7-4eff-afd4-02e037fe7f6f/c8d8e220-4ecf-4451-a16d-55f693b19eac_1597138312.jpeg?h=225&w=225,Food Cupboard,World Foods
301413368,Shandy Carib Sorrel 275Ml,£1.55,£5.64/litre,£1.25 Clubcard Price,(£4.55/litre),True,Offer valid for delivery from 16/04/2025 until 13/05/2025,False,,2,False,https://www.tesco.com/groceries/en-GB/products/301413368,https://digitalcontent.api.tesco.com/v2/media/ghs/bce3a2ab-d085-45d9-b0f9-225f63a98a7f/54df20bb-f58e-4302-8f02-51c8662da64a_865034761.jpeg?h=225&w=225,Food Cupboard,World Foods
254869280,Natco Red Lentils 2Kg,,,£3.50 Clubcard Price,(£1.75/kg),True,Offer valid for delivery from 05/03/2025 until 21/04/2025,False,,3,False,https://www.tesco.com/groceries/en-GB/products/254869280,https://digitalcontent.api.tesco.com/v2/media/ghs/0142493d-be89-4dc5-bc39-d14e289d6f72/b7d7febe-8a08-4f75-8ba0-c171286767ac_1402429705.jpeg?h=225&w=225,Food Cupboard,World Foods
267244452,Dawtona Grated Beetroot 510G,£1.45,£0.40/100g DR.WT,,,False,,False,4.9,32,False,https://www.tesco.com/groceries/en-GB/products/267244452,https://digitalcontent.api.tesco.com/v2/media/ghs/d005f3b0-ce18-481f-a201-9f7534b7d66b/e17f00b9-4bf0-4604-92c2-688b16b7aaf7_233454888.jpeg?h=225&w=225,Food Cupboard,World Foods
274184362,Rubicon Sparkling Pomegranate Juice Drink 330Ml Can,£0.75,£0.23/100ml,,,False,,False,,2,False,https://www.tesco.com/groceries/en-GB/products/274184362,https://digitalcontent.api.tesco.com/v2/media/ghs/eff6f2bb-91b0-4553-b490-f861511fdaf6/554da53c-200b-45e9-ba10-bab79abf8bc0_1270511204.jpeg?h=225&w=225,Food Cupboard,World Foods
305251063,Thai Dragon Fish Sauce 200Ml,£1.85,£0.92/100ml,,,False,,False,,,False,https://www.tesco.com/groceries/en-GB/products/305251063,https://digitalcontent.api.tesco.com/v2/media/ghs/4b8381bf-9d54-43bc-9ef5-6c6196b539a8/deee0c44-7099-4547-a5d2-12c553ae07d4_907910195.jpeg?h=225&w=225,Food Cupboard,World Foods
311207505,Veetee Heat & Eat Long Grain Rice Pot 2X130g,£1.15,£4.42/kg,£1.00 Clubcard Price,(£3.85/kg),True,Offer valid for delivery from 16/04/2025 until 13/05/2025,False,4.5,11,False,https://www.tesco.com/groceries/en-GB/products/311207505,https://digitalcontent.api.tesco.com/v2/media/ghs/0f7a81dd-206e-49d8-abc5-09599d7b039f/fa08fd80-70ec-474b-a119-981ad50b22b9_552840908.jpeg?h=225&w=225,Food Cupboard,World Foods
271639066,Tymbark Apple Peach Strawberry Drink 200Ml,£0.50,£0.25/100ml,,,False,,False,,1,False,https://www.tesco.com/groceries/en-GB/products/271639066,https://digitalcontent.api.tesco.com/v2/media/ghs/8aa9fc72-e260-4108-a0e0-126c91da1587/a4c4f6e4-b9e4-4464-8638-102cd0bcf9f7_1004413905.jpeg?h=225&w=225,Food Cupboard,World Foods
285099112,Grace Mighty Malt Drink Can 330Ml,£1.00,£0.30/100ml,,,False,,False,4.2,5,False,https://www.tesco.com/groceries/en-GB/products/285099112,https://digitalcontent.api.tesco.com/v2/media/ghs/79c8f4a9-bf05-4212-aa65-6debf81b3689/f19b8ad3-dd63-4a00-9e35-319136fedbb5_1913492169.jpeg?h=225&w=225,Food Cupboard,World Foods
275460391,Pudliszki Mild Tomato Ketchup 480G,£1.60,£0.33/100g,,,False,,False,4.8,32,False,https://www.tesco.com/groceries/en-GB/products/275460391,https://digitalcontent.api.tesco.com/v2/media/ghs/99d69001-1ec6-432d-8219-83ec2d99ecb1/972aaec4-95d8-41c2-8df9-03b88ccdfbe0_892907622.jpeg?h=225&w=225,Food Cupboard,World Foods
266573271,Prymat Chicken Seasoning 30G,£0.40,£0.13/10g,,,False,,False,4.3,13,False,https://www.tesco.com/groceries/en-GB/products/266573271,https://digitalcontent.api.tesco.com/v2/media/ghs/40b86f77-861b-45a1-8af2-835c41a017af/71c1fc5e-77ef-489b-a082-7ca0e6f87ac3_1093293358.jpeg?h=225&w=225,Food Cupboard,World Foods
258518578,Dunn's River Jamaican-Style Hot Sauce 85ml,£0.80,£0.94/100ml,,,False,,False,,4,False,https://www.tesco.com/groceries/en-GB/products/258518578,https://digitalcontent.api.tesco.com/v2/media/ghs/6c02deb4-b371-471a-b1b8-fa9a5858a38e/9887e315-d36f-47fa-b411-e7f8708334bf_1760315174.jpeg?h=225&w=225,Food Cupboard,World Foods
258503027,Wibisco Shirley Biscuits 105G,£0.65,£0.62/100g,,,False,,False,,,False,https://www.tesco.com/groceries/en-GB/products/258503027,https://digitalcontent.api.tesco.com/v2/media/ghs/51d2068a-75d2-4ef2-8a3c-7b8c2a48ffb8/79b92864-eabd-462e-8af9-9f41be178d2e_327675537.jpeg?h=225&w=225,Food Cupboard,World Foods
305978234,Laila Gold Basmati Rice 10Kg,£23.00,£2.30/kg,,,False,,False,4.1,38,False,https://www.tesco.com/groceries/en-GB/products/305978234,https://digitalcontent.api.tesco.com/v2/media/ghs/883a220b-4b3b-4a4a-bfcc-f30ea355a8cf/db311a1e-612c-40f4-a741-87a615dfb324_1390405455.jpeg?h=225&w=225,Food Cupboard,World Foods
263502522,Rubicon Still Mango Juice Drink 4X1 Litre Carton,£7.40,£0.18/100ml,,,False,,False,,2,False,https://www.tesco.com/groceries/en-GB/products/263502522,https://digitalcontent.api.tesco.com/v2/media/ghs/c248f4b6-3478-425d-8e38-848d45f3d5e9/672ff684-3300-41c4-b5f5-c76899d85d9e_2099374372.jpeg?h=225&w=225,Food Cupboard,World Foods
266258950,Nido Instant Full Cream Milk Powder Tin 900g,£13.00,£14.44/kg,,,False,,False,4.9,18,False,https://www.tesco.com/groceries/en-GB/products/266258950,https://digitalcontent.api.tesco.com/v2/media/ghs/e8d6b616-2099-407c-942a-d42bf16286cd/7a7c5fd0-fd3a-4182-bf51-cc40311ea3c1_1844399276.jpeg?h=225&w=225,Food Cupboard,World Foods
284932948,Garners Pickled Cabbage 454G,£3.90,£2.05/100g DR.WT,£3.40 Clubcard Price,(£1.79/100g DR.WT),True,Offer valid for delivery from 16/04/2025 until 13/05/2025,False,4.3,7,False,https://www.tesco.com/groceries/en-GB/products/284932948,https://digitalcontent.api.tesco.com/v2/media/ghs/099fa38d-0471-438e-9134-e93508459871/03d17b1a-3c21-46eb-ba9a-05cba6052ecb_1056969499.jpeg?h=225&w=225,Food Cupboard,World Foods
292809559,Humza Frozen Meat Samosas 20 Pieces 650g,£4.70,£7.23/kg,,,False,,False,3.9,11,False,https://www.tesco.com/groceries/en-GB/products/292809559,https://digitalcontent.api.tesco.com/v2/media/ghs/f9f08dcf-97e8-4451-9e8a-13b326b6fbcb/a559fd3b-1fd0-4aee-924a-35c81c486c17.jpeg?h=225&w=225,Food Cupboard,World Foods
286058586,Tchibo Family Roasted Ground Coffee 250G,£2.90,£1.16/100g,,,False,,False,3.3,22,False,https://www.tesco.com/groceries/en-GB/products/286058586,https://digitalcontent.api.tesco.com/v2/media/ghs/880cb378-b0fe-49bc-8d69-f5c0c2fb4a45/f4aac024-08ae-4b47-8504-cd9a2111cb5c_1687893347.jpeg?h=225&w=225,Food Cupboard,World Foods
263294438,Laciate Milk 2% 1 Litre,£1.40,£1.40/litre,,,False,,False,,1,False,https://www.tesco.com/groceries/en-GB/products/263294438,https://digitalcontent.api.tesco.com/v2/media/ghs/ffad7dfb-ccf8-4879-9978-c9dfe79429fa/ebd837f6-91aa-4d5e-a918-acb85bed4ad9_2095227163.jpeg?h=225&w=225,Food Cupboard,World Foods
304780313,Supermalt Ginger Beer 4X330ml,£3.50,£0.26/100ml,£2.80 Clubcard Price,(£0.21/100ml),True,Offer valid for delivery from 16/04/2025 until 13/05/2025,False,4.5,8,False,https://www.tesco.com/groceries/en-GB/products/304780313,https://digitalcontent.api.tesco.com/v2/media/ghs/1f7a4358-b510-4d8d-a781-0363e5577021/0c62aa45-b693-4037-8c4e-5c7687c4b72e_1387739775.jpeg?h=225&w=225,Food Cupboard,World Foods
265833599,Lowicz Plum Butter Jam 290G,£2.00,£0.69/100g,,,False,,False,4.4,50,False,https://www.tesco.com/groceries/en-GB/products/265833599,https://digitalcontent.api.tesco.com/v2/media/ghs/753390a3-0c37-4bb8-b8f9-ced97acff95c/d0ff2819-d9ec-449d-a04e-eec5ec64ac84_2119912131.jpeg?h=225&w=225,Food Cupboard,World Foods
267587247,Prymat Fried Onion 300G,£3.40,£11.33/kg,,,False,,False,4.6,11,False,https://www.tesco.com/groceries/en-GB/products/267587247,https://digitalcontent.api.tesco.com/v2/media/ghs/bba618b6-c9a1-4018-b242-e82bff1326b7/3b3efb2c-80dc-445e-b4a5-9d163d89cb6f_52657106.jpeg?h=225&w=225,Food Cupboard,World Foods
276731075,Lee Kum Kee Hoisin Sauce 210G,£2.10,£1.00/100g,,,False,,False,,4,False,https://www.tesco.com/groceries/en-GB/products/276731075,https://digitalcontent.api.tesco.com/v2/media/ghs/0298c508-4766-45c5-b4b6-f90fa7d20988/bee78efe-7e94-4259-b953-9320a2242359_2133598399.jpeg?h=225&w=225,Food Cupboard,World Foods
287651164,Natco Green Lentils 1Kg,£3.10,£3.10/kg,,,False,,False,,1,False,https://www.tesco.com/groceries/en-GB/products/287651164,https://digitalcontent.api.tesco.com/v2/media/ghs/7d65dbb0-f600-49ff-9ab1-cdcbd8f173ba/a6f2b67d-0d5c-4ab4-af6a-c67a88dc0039_1409352124.jpeg?h=225&w=225,Food Cupboard,World Foods
279770052,Grace Aloe Vera Drink 1.5 Litres,£3.30,£0.22/100ml,£2.60 Clubcard Price,(£0.17/100ml),True,Offer valid for delivery from 16/04/2025 until 03/06/2025,False,4.8,8,False,https://www.tesco.com/groceries/en-GB/products/279770052,https://digitalcontent.api.tesco.com/v2/media/ghs/12e4ca85-a5c0-4904-950b-0b0cb357a998/7c97d912-da9d-4827-9c73-dbec40d1e61b_1431001594.jpeg?h=225&w=225,Food Cupboard,World Foods
256607708,Sun Exotic Pineapple & Coconut Still Juice 1L,£1.95,£0.20/100ml,,,False,,False,4.8,4,False,https://www.tesco.com/groceries/en-GB/products/256607708,https://digitalcontent.api.tesco.com/v2/media/ghs/35f9be7a-d362-4dbd-9449-ae5f504c23d6/cb15431c-055a-4ce5-9b4e-02fdbfd2bc22_1927413095.jpeg?h=225&w=225,Food Cupboard,World Foods
305835529,Bundaberg Root Beer 375Ml,£1.65,£0.44/100ml,,,False,,False,3.2,5,False,https://www.tesco.com/groceries/en-GB/products/305835529,https://digitalcontent.api.tesco.com/v2/media/ghs/3c734a07-aed3-4fc0-8206-c3c68ea0cfe3/5a4e68dd-f71d-4d61-a4eb-0e33b073787c_1260029118.jpeg?h=225&w=225,Food Cupboard,World Foods
271736394,Grace Aloe Vera Drink 500Ml,£1.30,£0.26/100ml,,,False,,False,,9,False,https://www.tesco.com/groceries/en-GB/products/271736394,https://digitalcontent.api.tesco.com/v2/media/ghs/f3eda15e-9b53-4bb6-b644-508a2db20f76/6d3da35a-4485-4ba6-acd1-3f4979f8b535_1589488793.jpeg?h=225&w=225,Food Cupboard,World Foods
309163852,Sun Hee Kimchi - Spicy Fermented Cabbage 190g,£2.20,£1.16/100g,,,False,,False,2.5,36,False,https://www.tesco.com/groceries/en-GB/products/309163852,https://digitalcontent.api.tesco.com/v2/media/ghs/a3b1d71a-d314-44d7-bf3c-44ec2d7f4af8/2653d842-2a3b-4671-adb0-2891fb320450_1663075636.jpeg?h=225&w=225,Food Cupboard,World Foods
266402526,Guinness Nigerian Foreign Extra Stout 600Ml,£3.90,£6.50/litre,,,False,,False,,2,False,https://www.tesco.com/groceries/en-GB/products/266402526,https://digitalcontent.api.tesco.com/v2/media/ghs/53dcb41e-4d86-4add-ac89-634f60ee6a25/0ceb0ada-99c2-48cb-b066-8fcb677f2b19_214913368.jpeg?h=225&w=225,Food Cupboard,World Foods
282854370,Tesco Turmeric 100G,£1.50,£15.00/kg,,,False,,False,,10,False,https://www.tesco.com/groceries/en-GB/products/282854370,https://digitalcontent.api.tesco.com/v2/media/ghs/97d1e5c2-4a46-49b7-b795-ec275ace64e6/8ffe0168-4abc-47d2-b3a7-1b865cefb29e.jpeg?h=225&w=225,Food Cupboard,World Foods
266258944,Maggi Hot Liquid Seasoning 100ml,£1.40,£1.40/100ml,,,False,,False,4.6,26,False,https://www.tesco.com/groceries/en-GB/products/266258944,https://digitalcontent.api.tesco.com/v2/media/ghs/421da801-9d70-403e-bcae-4273b311e877/1280a338-50de-4260-b802-89557fcfca16_1225621228.jpeg?h=225&w=225,Food Cupboard,World Foods
279869915,Rajah Jeera Ground Cumin 100G,£1.50,£0.15/10g,,,False,,False,,,False,https://www.tesco.com/groceries/en-GB/products/279869915,https://digitalcontent.api.tesco.com/v2/media/ghs/48e7dde0-a849-40eb-bf8a-9b94e8c2cbc7/d07eee21-badb-4648-90e8-31641a199c52_2146108235.jpeg?h=225&w=225,Food Cupboard,World Foods
293272845,Tiger Tiger Ramen Stir Fry Noodles 400G,£1.50,£3.75/kg,,,False,,False,4.3,6,False,https://www.tesco.com/groceries/en-GB/products/293272845,https://digitalcontent.api.tesco.com/v2/media/ghs/b7b49a26-f411-45e3-bbc7-5d64544c3037/c9e1bc14-70fc-41da-8954-2024d1c9cf6e_1241039711.jpeg?h=225&w=225,Food Cupboard,World Foods
301554143,Dalgety Instant Ginger Tea 126G,£2.30,£1.82/100g,,,False,,False,,3,False,https://www.tesco.com/groceries/en-GB/products/301554143,https://digitalcontent.api.tesco.com/v2/media/ghs/15038c31-5de3-4438-ad68-a9d1332dd7b2/90ffdafe-c627-43cc-a075-89b3c1bf4e48_612111750.jpeg?h=225&w=225,Food Cupboard,World Foods
265415651,Rubicon Still Guava Juice Drink 1L,£1.85,£0.18/100ml,,,False,,False,,,False,https://www.tesco.com/groceries/en-GB/products/265415651,https://digitalcontent.api.tesco.com/v2/media/ghs/239b3e62-4c8d-486f-9b38-3267bb6b8ce3/0d9ba7ce-3ffa-4501-bc10-f1ebfae6f885_700285171.jpeg?h=225&w=225,Food Cupboard,World Foods
287547708,Cofresh Spicy Balti Mix 325G,£1.65,£0.51/100g,,,False,,False,3.9,9,False,https://www.tesco.com/groceries/en-GB/products/287547708,https://digitalcontent.api.tesco.com/v2/media/ghs/faea3dcb-a345-450f-81c5-3ba57225182b/47a7b1cc-8cf1-4051-8453-c0f3bfe9ec7f_1980229579.jpeg?h=225&w=225,Food Cupboard,World Foods
287547979,Cofresh Sev Mamra 325G,£1.65,£0.51/100g,,,False,,False,3.6,8,False,https://www.tesco.com/groceries/en-GB/products/287547979,https://digitalcontent.api.tesco.com/v2/media/ghs/36e28560-83ab-4c66-88fc-323aecb10427/216d6661-5c62-45e5-9daa-39eba7caea63_1815815175.jpeg?h=225&w=225,Food Cupboard,World Foods
275463088,Kubus Strawberry Flavoured Water 500ml,£1.10,£0.22/100ml,,,False,,False,,2,False,https://www.tesco.com/groceries/en-GB/products/275463088,https://digitalcontent.api.tesco.com/v2/media/ghs/d2754bfe-8ca4-49a8-8893-41aae5b9ea85/b5fc7f4e-f638-4540-b0ed-fa7942be03d6_94842345.jpeg?h=225&w=225,Food Cupboard,World Foods
267830720,Regal Crunchy Rusks 200G,£1.50,£0.75/100g,,,False,,False,,1,False,https://www.tesco.com/groceries/en-GB/products/267830720,https://digitalcontent.api.tesco.com/v2/media/ghs/fdc12d3b-cee4-4268-88ce-7f6dbc70afad/699ba1e2-0c91-4c17-85e7-7a5ae33d8d3b_561043374.jpeg?h=225&w=225,Food Cupboard,World Foods
277909550,Lubella Egg Pasta 250G,£1.00,£4.00/kg,60p Clubcard Price,(£2.40/kg),True,Offer valid for delivery from 16/04/2025 until 06/05/2025,False,4.1,8,False,https://www.tesco.com/groceries/en-GB/products/277909550,https://digitalcontent.api.tesco.com/v2/media/ghs/269d7a92-3c54-4fe8-bcfd-d0d9a62c071c/12948441-810a-4438-bead-9365dd1b2375_1281345957.jpeg?h=225&w=225,Food Cupboard,World Foods
253320280,Rubicon Still Lychee Juice Drink 288Ml Carton,,,,,False,,False,,1,False,https://www.tesco.com/groceries/en-GB/products/253320280,https://digitalcontent.api.tesco.com/v2/media/ghs/f2780936-4730-46ea-a3ce-885401235e86/0d6c1c0c-c494-4160-9fcb-abfa2014e90a_351467039.jpeg?h=225&w=225,Food Cupboard,World Foods
254858713,Tahira Chicken Mortadella with Paprika 200g,£1.20,£0.60/100g,,,False,,False,,,False,https://www.tesco.com/groceries/en-GB/products/254858713,https://digitalcontent.api.tesco.com/v2/media/ghs/00cad881-ea18-4408-8a0c-c70c26dff0f3/e59f5f84-fe9e-45a9-9bd3-4e0c04abc995.jpeg?h=225&w=225,Food Cupboard,World Foods
297003525,Cheezees Original 45G,£0.70,£1.56/100g,,,False,,False,,,False,https://www.tesco.com/groceries/en-GB/products/297003525,https://digitalcontent.api.tesco.com/v2/media/ghs/61812027-b611-4eaf-942f-023e640f1569/edd11548-7f81-48aa-8f1e-5706b0123e44_155336586.jpeg?h=225&w=225,Food Cupboard,World Foods
293247162,Tilda Pure Basmati Rice 10Kg,£31.00,£3.10/kg,,,False,,False,4.8,4,False,https://www.tesco.com/groceries/en-GB/products/293247162,https://digitalcontent.api.tesco.com/v2/media/ghs/e77bb75c-6a36-45d9-bee4-1ab3f4d55187/920a06a4-a434-4f57-807e-f7e2a7666548_520172394.jpeg?h=225&w=225,Food Cupboard,World Foods
293354386,Laila Basmati Rice 5Kg,£11.50,£2.30/kg,,,False,,False,3.4,21,False,https://www.tesco.com/groceries/en-GB/products/293354386,https://digitalcontent.api.tesco.com/v2/media/ghs/174943a2-7ec7-4c25-a1f3-f49d27e2dd62/be4eda22-d340-4963-8237-c894f13d1ca4_1930979664.jpeg?h=225&w=225,Food Cupboard,World Foods
293236653,Tilda Pure Basmati Rice 5Kg,£16.00,£3.20/kg,,,False,,False,3.4,7,False,https://www.tesco.com/groceries/en-GB/products/293236653,https://digitalcontent.api.tesco.com/v2/media/ghs/488ef9ef-712f-4f43-b2ad-d1880b902af8/65970d8e-e1ea-4b50-ba36-3f7a2983db89_606333281.jpeg?h=225&w=225,Food Cupboard,World Foods
281865197,Kikkoman Soy Sauce 1 Litre,£7.25,£0.72/100ml,,,False,,False,3.8,8,False,https://www.tesco.com/groceries/en-GB/products/281865197,https://digitalcontent.api.tesco.com/v2/media/ghs/2cecd224-4343-49cf-be9a-4113bf1933c1/f529d20a-a8d6-4541-b848-a9388ce63fc8_17216479.jpeg?h=225&w=225,Food Cupboard,World Foods
285211320,Tahira Halal Chicken and Beef Burgers 12 Pack 780g,£4.70,£6.03/kg,,,False,,False,,1,False,https://www.tesco.com/groceries/en-GB/products/285211320,https://digitalcontent.api.tesco.com/v2/media/ghs/a0f487ad-dd02-46d8-8665-2950be596691/80a23122-ce94-4f6a-829f-fc69e5010848.jpeg?h=225&w=225,Food Cupboard,World Foods
264205947,Mlekovita Butter 200G,£3.00,£15.00/kg,,,False,,False,4.8,11,False,https://www.tesco.com/groceries/en-GB/products/264205947,https://digitalcontent.api.tesco.com/v2/media/ghs/b3ca5b2b-7092-4430-b8b0-2e0c27c6733b/090dd0cf-d253-4b92-98ce-a958d76f6f68.jpeg?h=225&w=225,Food Cupboard,World Foods
306824719,Al'fez Moroccan Meatball Sauce 450G,£2.65,£0.59/100g,£2.00 Clubcard Price,(£0.44/100g),True,Offer valid for delivery from 18/04/2025 until 13/05/2025,False,4.2,70,False,https://www.tesco.com/groceries/en-GB/products/306824719,https://digitalcontent.api.tesco.com/v2/media/ghs/53d34f8e-ab48-4e98-828f-8501cc5d9282/838fab58-6e11-4083-a15d-d3a89e0029cc_174306805.jpeg?h=225&w=225,Food Cupboard,World Foods
285985906,Kujawski Extra Virgin Rapeseed Oil 1 Litre,£3.50,£0.35/100ml,,,False,,False,,5,False,https://www.tesco.com/groceries/en-GB/products/285985906,https://digitalcontent.api.tesco.com/v2/media/ghs/0716d402-a53d-4f33-9e9b-9b125d467493/103e9e99-5aa9-48fe-baa4-ea6a87e489ca_1204543779.jpeg?h=225&w=225,Food Cupboard,World Foods
267752835,Royal Rassomalai Dessert 500G,,,,,False,,False,4.5,21,False,https://www.tesco.com/groceries/en-GB/products/267752835,https://digitalcontent.api.tesco.com/v2/media/ghs/de869742-f275-4b29-9555-9e5a8e503af5/6a10e560-538e-422c-8c8d-ecab1463cada.jpeg?h=225&w=225,Food Cupboard,World Foods
276730911,Lee Kum Kee Chiu Chow Chilli Oil 170G,£3.00,£1.76/100g,,,False,,False,,,False,https://www.tesco.com/groceries/en-GB/products/276730911,https://digitalcontent.api.tesco.com/v2/media/ghs/338cf8d9-9c6d-4e4e-ae68-55b035836903/4cb57cf8-3599-4e79-9096-0fecfece8a57_835032865.jpeg?h=225&w=225,Food Cupboard,World Foods
260666954,Royal Chai Masala Tea With Sugar 220G,£3.15,£1.43/100g,,,False,,False,,10,False,https://www.tesco.com/groceries/en-GB/products/260666954,https://digitalcontent.api.tesco.com/v2/media/ghs/a11c740d-2994-46df-8db8-e64a35da217f/26f4f695-21bd-410f-b76c-2e0619e0f28c_869402822.jpeg?h=225&w=225,Food Cupboard,World Foods
302471285,Tahira Chicken Smoked Sausages Hot Dogs 500G,£2.80,£0.56/100g,,,False,,False,,1,False,https://www.tesco.com/groceries/en-GB/products/302471285,https://digitalcontent.api.tesco.com/v2/media/ghs/e856ba6f-8635-42dc-8851-515774d69a7b/b7aad833-0b96-42af-ac79-7e8e7eeb37a8_895026747.jpeg?h=225&w=225,Food Cupboard,World Foods
291197275,Lisner Vegetable Salad Green Pea 500G,£2.25,£0.45/100g,,,False,,False,,21,False,https://www.tesco.com/groceries/en-GB/products/291197275,https://digitalcontent.api.tesco.com/v2/media/ghs/40a35d01-68a6-4760-ab14-59bf7309e370/62cd051a-30c1-4936-b2e7-afc166587044.jpeg?h=225&w=225,Food Cupboard,World Foods
266385580,Caprio Apple & Raspberry Drink 2 Litre Carton,£2.25,£0.11/100ml,,,False,,False,3.5,4,False,https://www.tesco.com/groceries/en-GB/products/266385580,https://digitalcontent.api.tesco.com/v2/media/ghs/8a2ed0be-61bf-4e50-bcb8-bf1ebad75b1b/412a848d-f627-4d93-872e-01a903d2577a_857792182.jpeg?h=225&w=225,Food Cupboard,World Foods
254851824,Tahira Slice Turkey Salami 200G,£2.60,£1.30/100g,,,False,,False,,3,False,https://www.tesco.com/groceries/en-GB/products/254851824,https://digitalcontent.api.tesco.com/v2/media/ghs/1503a357-9f47-4985-b591-03ffa71fe77f/b9b6cd2e-75a6-4cdd-b891-c9396bfd24d2_310807047.jpeg?h=225&w=225,Food Cupboard,World Foods
260861515,Tymbark Apple Cherry Drink 2L,£2.55,£0.13/100ml,£1.40 Clubcard Price,(£0.07/100ml),True,Offer valid for delivery from 16/04/2025 until 06/05/2025,False,4.3,7,False,https://www.tesco.com/groceries/en-GB/products/260861515,https://digitalcontent.api.tesco.com/v2/media/ghs/c7a23f1b-56a6-4ccd-92c3-5ff15c3b5cff/00ed6e87-5833-4ac4-88e3-d28476e062f3_117959079.jpeg?h=225&w=225,Food Cupboard,World Foods
309191985,Tarczynski Pork Kabanos & Chilli 105G,£2.55,£2.43/100g,,,False,,False,,6,False,https://www.tesco.com/groceries/en-GB/products/309191985,https://digitalcontent.api.tesco.com/v2/media/ghs/f6ecf3ac-2e5f-4f27-9606-0b68e6fdfe4d/4f42c6e3-a123-492b-aea0-b8d97e6fd8b5_1809110906.jpeg?h=225&w=225,Food Cupboard,World Foods
282224131,Maggi Authentic Indian Hot and Sweet Sauce 400g,£2.30,£0.58/100g,,,False,,False,,5,False,https://www.tesco.com/groceries/en-GB/products/282224131,https://digitalcontent.api.tesco.com/v2/media/ghs/e248c5a4-6ced-45be-8bd9-d43c9dcf7f66/cf8af4b9-fb57-4d3d-8043-257b71469b03_1532927727.jpeg?h=225&w=225,Food Cupboard,World Foods
302378160,Lorenz Crunchips - Paprika 140g,£2.30,£1.64/100g,,,False,,False,3.8,10,False,https://www.tesco.com/groceries/en-GB/products/302378160,https://digitalcontent.api.tesco.com/v2/media/ghs/67efea56-5d57-4d96-9a36-38576fa242f8/dacb8825-f6ef-45c8-bce2-7b7b06bc199b_257089165.jpeg?h=225&w=225,Food Cupboard,World Foods
299581556,Yutaka Miso Paste 100G,£1.75,£1.75/100g,,,False,,False,,1,False,https://www.tesco.com/groceries/en-GB/products/299581556,https://digitalcontent.api.tesco.com/v2/media/ghs/020bb469-a6e3-42dc-a282-a5f09bcceae4/75e46c0c-f86d-45c5-9e4d-3ec05ce5ca1a_951501267.jpeg?h=225&w=225,Food Cupboard,World Foods
257393290,Guarana Antarctica Drink 330Ml,£1.20,£0.36/100ml,,,False,,False,,4,False,https://www.tesco.com/groceries/en-GB/products/257393290,https://digitalcontent.api.tesco.com/v2/media/ghs/36dafab4-bfb0-4d8a-a809-03bbcc60d71d/snapshotimagehandler_816909909.jpeg?h=225&w=225,Food Cupboard,World Foods
264057806,U Jedrusia Dumplings with Meat 400g,£1.55,£3.88/kg,,,False,,False,4.5,8,False,https://www.tesco.com/groceries/en-GB/products/264057806,https://digitalcontent.api.tesco.com/v2/media/ghs/7bcfbf86-696b-4b9d-85b5-1efcbb9fac6c/0f7e1724-f681-4a97-95f3-021d678ea350.jpeg?h=225&w=225,Food Cupboard,World Foods
302353448,Tarczynski Classic Pork Kabanos 200G,£2.60,£1.30/100g,,,False,,False,3.3,16,False,https://www.tesco.com/groceries/en-GB/products/302353448,https://digitalcontent.api.tesco.com/v2/media/ghs/723d4f55-2ff8-4fc2-9b34-9b97f53ab5a2/852ba446-6148-4621-a9bf-769084ec5cd4.jpeg?h=225&w=225,Food Cupboard,World Foods
301555902,Nurishment Vanilla No Added Sugar 370Ml,£1.65,£0.45/100ml,,,False,,False,,1,False,https://www.tesco.com/groceries/en-GB/products/301555902,https://digitalcontent.api.tesco.com/v2/media/ghs/3a8735fc-ff9e-429b-8031-5a4852e3d07c/94e759f7-7e8f-4728-8761-f7e7dd96ce88_1477165875.jpeg?h=225&w=225,Food Cupboard,World Foods
273698268,Lowicz Fat Free Curd Cheese 250g,,,,,False,,False,,1,False,https://www.tesco.com/groceries/en-GB/products/273698268,https://digitalcontent.api.tesco.com/v2/media/ghs/a0f39792-7f56-4c38-a32e-382d068b5642/028a52ca-782e-41d2-8451-0811dd898b13.jpeg?h=225&w=225,Food Cupboard,World Foods
311227838,Veetee Heat & Eat Pilau Rice Pots 2X125g,£1.15,£4.60/kg,£1.00 Clubcard Price,(£4.00/kg),True,Offer valid for delivery from 16/04/2025 until 13/05/2025,False,4.7,11,False,https://www.tesco.com/groceries/en-GB/products/311227838,https://digitalcontent.api.tesco.com/v2/media/ghs/24cdee31-06ab-4d1d-a342-603068fa80f8/2d3acf32-1adb-46b4-a8d7-155ca4662bac_1920741442.jpeg?h=225&w=225,Food Cupboard,World Foods
278770480,Aleyna Sliced Red Jalapeno Peppers 480G,£1.15,£0.48/100g DR.WT,,,False,,False,3.9,7,False,https://www.tesco.com/groceries/en-GB/products/278770480,https://digitalcontent.api.tesco.com/v2/media/ghs/225ef996-6213-4acd-ae78-ff992e94688d/d2935c73-6ff8-4237-bf58-ad39cdbefd30_1298515707.jpeg?h=225&w=225,Food Cupboard,World Foods
301358329,Olza Prince Polo Classic Wafer 50G,£0.60,£1.20/100g,,,False,,False,4.4,5,False,https://www.tesco.com/groceries/en-GB/products/301358329,https://digitalcontent.api.tesco.com/v2/media/ghs/2d2b2956-a2ef-4ee6-9ac1-d21ea66eae10/0bdf7158-4ac1-4eba-802e-ba66729879f9_87166223.jpeg?h=225&w=225,Food Cupboard,World Foods
267783936,East End Soya Chunks 250G,£1.20,£4.80/kg,,,False,,False,,2,False,https://www.tesco.com/groceries/en-GB/products/267783936,https://digitalcontent.api.tesco.com/v2/media/ghs/181d6aca-b600-4b48-8e2c-2777adc2ed64/15c6f7ce-121d-4849-bdfc-e10161357e58_48161693.jpeg?h=225&w=225,Food Cupboard,World Foods
259685788,East End Cumin Whole Jeera 100G,£1.30,£0.13/10g,,,False,,False,4.7,3,False,https://www.tesco.com/groceries/en-GB/products/259685788,https://digitalcontent.api.tesco.com/v2/media/ghs/e0fd7869-b1b0-445f-af1d-a6fd8ef55e8e/ea37992a-7596-4422-a17a-84c6843f9d77_1596541536.jpeg?h=225&w=225,Food Cupboard,World Foods
265629526,Podlaski Chicken Pate 100g,£0.65,£0.65/100g,,,False,,False,2.8,14,False,https://www.tesco.com/groceries/en-GB/products/265629526,https://digitalcontent.api.tesco.com/v2/media/ghs/fa4088d5-e22e-4d4d-97e2-dd9cbfb9f252/56f88ec1-a03b-4eec-b1aa-5437eaa863f4_472522541.jpeg?h=225&w=225,Food Cupboard,World Foods
298576979,4Move Active Vitamins Drink 250Ml,£0.60,£0.24/100ml,,,False,,False,,1,False,https://www.tesco.com/groceries/en-GB/products/298576979,https://digitalcontent.api.tesco.com/v2/media/ghs/a19222d4-4a97-403d-b0c7-96925c7b92f6/66358637-33aa-4278-a6c4-1b7ebe8cc7b1_598106486.jpeg?h=225&w=225,Food Cupboard,World Foods
279842181,Prymat Sarepska Mustard 180G,£0.80,£0.44/100g,,,False,,False,4.8,20,False,https://www.tesco.com/groceries/en-GB/products/279842181,https://digitalcontent.api.tesco.com/v2/media/ghs/ae040853-0fb9-4bd3-b5f6-e9af8f99eae0/67e1cfec-90bc-4a0e-bdaa-4b139badf93b_440077821.jpeg?h=225&w=225,Food Cupboard,World Foods
293702666,Humza Chicken 1Kg,£6.75,£6.75/kg,,,False,,False,1.9,21,False,https://www.tesco.com/groceries/en-GB/products/293702666,https://digitalcontent.api.tesco.com/v2/media/ghs/f9f6c4af-65b0-41b8-afd8-095eaf0cb4e7/5886a33f-d3a5-49db-b946-59c26c320765.jpeg?h=225&w=225,Food Cupboard,World Foods
293258696,Badshah Superior Aged Basmati Rice 5Kg,£12.00,£2.40/kg,,,False,,False,2.6,27,False,https://www.tesco.com/groceries/en-GB/products/293258696,https://digitalcontent.api.tesco.com/v2/media/ghs/80b2b86f-6818-43f8-9c38-226c00ae1670/a0edab85-cb89-45d0-8789-34bc063de91b_884179381.jpeg?h=225&w=225,Food Cupboard,World Foods
292535295,Elephant Atta Medium Chapatti Flour 10Kg,£11.00,£1.10/kg,,,False,,False,4.1,11,False,https://www.tesco.com/groceries/en-GB/products/292535295,https://digitalcontent.api.tesco.com/v2/media/ghs/0ecd2bf9-4ae7-4a1c-b172-8ba55cc9a86c/49f4ba2b-d198-4b1f-8f7d-f0027791e711_325822061.jpeg?h=225&w=225,Food Cupboard,World Foods
260685390,East End Pure Butter Ghee 1Kg,£12.50,£12.50/kg,£10.00 Clubcard Price,(£10.00/kg),True,Offer valid for delivery from 31/03/2025 until 22/04/2025,False,,,False,https://www.tesco.com/groceries/en-GB/products/260685390,https://digitalcontent.api.tesco.com/v2/media/ghs/4f45f736-51df-49e8-aa28-94dc1bafa1bd/f9a51e26-9ba5-4a48-94e6-073691c464cc_1037758905.jpeg?h=225&w=225,Food Cupboard,World Foods
292809536,Humza Chicken Samosa 20 Pieces 650G,£4.70,£7.23/kg,,,False,,False,3.6,8,False,https://www.tesco.com/groceries/en-GB/products/292809536,https://digitalcontent.api.tesco.com/v2/media/ghs/8cf0dd70-3c51-4d72-a57c-4868c848b94e/7a3f6504-832e-46cf-9a1c-a6da68777615.jpeg?h=225&w=225,Food Cupboard,World Foods
276846475,Yangtse River Longkou Vermicelli 8X50g,£3.00,£7.50/kg,,,False,,False,,5,False,https://www.tesco.com/groceries/en-GB/products/276846475,https://digitalcontent.api.tesco.com/v2/media/ghs/62151396-a7a0-41da-9f2d-d08f58d0eec7/90e976b8-f646-4be2-b531-6fca9e648c7c_536770063.jpeg?h=225&w=225,Food Cupboard,World Foods
267443464,Guarana Antarctica Drink 1.5 Litres,£3.00,£0.20/100ml,,,False,,False,,2,False,https://www.tesco.com/groceries/en-GB/products/267443464,https://digitalcontent.api.tesco.com/v2/media/ghs/2abdc52e-f2a5-4f3e-b268-51b01ef42ba0/snapshotimagehandler_1671723073.jpeg?h=225&w=225,Food Cupboard,World Foods
303881541,Royal Umbrella Thai Jasmine Rice 1Kg,£3.25,£3.25/kg,,,False,,False,,5,False,https://www.tesco.com/groceries/en-GB/products/303881541,https://digitalcontent.api.tesco.com/v2/media/ghs/273cb491-354e-46bf-9018-b0c56680d233/214e0dec-2c34-4b2e-94d8-4f0914ff7efb_235962070.jpeg?h=225&w=225,Food Cupboard,World Foods
305522797,Dawtona Red Cabbage With Apple 500G,£1.75,£0.50/100g DR.WT,,,False,,False,3.5,11,False,https://www.tesco.com/groceries/en-GB/products/305522797,https://digitalcontent.api.tesco.com/v2/media/ghs/6d7ce44d-3bbc-48c0-beea-88164952beea/8bef63fb-b795-4d2c-854f-73d74dd23eec_1494339712.jpeg?h=225&w=225,Food Cupboard,World Foods
268613056,Krakus Polish Smoked Pork Snack 180G,£3.00,£1.67/100g,,,False,,False,4.5,4,False,https://www.tesco.com/groceries/en-GB/products/268613056,https://digitalcontent.api.tesco.com/v2/media/ghs/52c6d0bf-2e17-4121-85fb-24bc2aa6be19/ea1635ea-3c66-4e44-b796-7a65251e3401.jpeg?h=225&w=225,Food Cupboard,World Foods
303870116,Hapi Dry Roasted Edamame With Sea Salt Beans 100G,£1.65,£1.65/100g,,,False,,False,4.2,6,False,https://www.tesco.com/groceries/en-GB/products/303870116,https://digitalcontent.api.tesco.com/v2/media/ghs/272719da-60ce-4816-95b1-f8e8c1030248/99bb7090-22ab-410e-b3f2-37143c353b94_466253938.jpeg?h=225&w=225,Food Cupboard,World Foods
261633289,East End Brown Lentils 500G,£1.90,£3.80/kg,,,False,,False,,,False,https://www.tesco.com/groceries/en-GB/products/261633289,https://digitalcontent.api.tesco.com/v2/media/ghs/1ff88142-b22c-4116-b787-4c48381ec756/7ae0e6ab-40bb-45ab-86bc-905b05819145_692734010.jpeg?h=225&w=225,Food Cupboard,World Foods
282511534,Grace Halal Chicken Vienna Sausages 200G,£1.75,£1.46/100g DR.WT,,,False,,False,,1,False,https://www.tesco.com/groceries/en-GB/products/282511534,https://digitalcontent.api.tesco.com/v2/media/ghs/754a0c4b-4015-433d-b346-f44d247db07f/e3c831f9-4ee3-472d-ac2a-e9bb288fb5ea_2009835486.jpeg?h=225&w=225,Food Cupboard,World Foods
304794504,Balcerzak Roasted Pork Loin 100G,£1.80,£1.80/100g,,,False,,False,4.3,7,False,https://www.tesco.com/groceries/en-GB/products/304794504,https://digitalcontent.api.tesco.com/v2/media/ghs/0727f24c-4bb6-4202-aac4-5ad524e2d5e4/6074e40b-2882-4240-ac9f-c27b36c2c705.jpeg?h=225&w=225,Food Cupboard,World Foods
259494478,Spring Home Tyj Spring Roll Pastry 550G,,,,,False,,False,4.8,12,False,https://www.tesco.com/groceries/en-GB/products/259494478,https://digitalcontent.api.tesco.com/v2/media/ghs/4509c595-1d13-4e16-9283-4a2241025e55/813287ef-df7f-4c06-852d-28a125f66eae.jpeg?h=225&w=225,Food Cupboard,World Foods
305828804,Bundaberg Ginger Beer 375Ml,£1.65,£0.44/100ml,,,False,,False,3.4,7,False,https://www.tesco.com/groceries/en-GB/products/305828804,https://digitalcontent.api.tesco.com/v2/media/ghs/54d2be41-3852-4760-8ce6-bcc58aa219aa/fdec9044-b0f0-4104-81af-a114e895d75d_173347869.jpeg?h=225&w=225,Food Cupboard,World Foods
307750189,Lisner Vegetable Salad With Egg 500G,£2.25,£0.45/100g,,,False,,False,,3,False,https://www.tesco.com/groceries/en-GB/products/307750189,https://digitalcontent.api.tesco.com/v2/media/ghs/72318ac4-4225-4d33-812e-12b00ac14aec/3ea3e0c2-34da-47a4-8070-572c636ad9b8.jpeg?h=225&w=225,Food Cupboard,World Foods
267335304,Cofresh Roasted & Salted Crunchy Corn Nuts 175G,£1.50,£8.57/kg,,,False,,False,3.3,10,False,https://www.tesco.com/groceries/en-GB/products/267335304,https://digitalcontent.api.tesco.com/v2/media/ghs/e96206b7-fec6-4b48-8e6a-129e7e2cefe6/6a64eb9a-936b-40cf-81a9-a235475bd835_917521831.jpeg?h=225&w=225,Food Cupboard,World Foods
276865043,Tiger Tiger 5mm Rice Stick Noodles 400g,£2.40,£6.00/kg,,,False,,False,,8,False,https://www.tesco.com/groceries/en-GB/products/276865043,https://digitalcontent.api.tesco.com/v2/media/ghs/1754f8c7-3133-4e71-bc13-e60b5b6336c1/853b2aa4-c545-4483-a3e3-6e09f603e842_1325357260.jpeg?h=225&w=225,Food Cupboard,World Foods
305053666,Thai Dragon Green Curry Paste 400G,£2.10,£0.52/100g,£1.60 Clubcard Price,(£0.40/100g),True,Offer valid for delivery from 07/04/2025 until 03/06/2025,False,2.7,42,False,https://www.tesco.com/groceries/en-GB/products/305053666,https://digitalcontent.api.tesco.com/v2/media/ghs/0e99b737-3fb5-48b2-9b38-6ddcbbcd580d/5401964f-8254-4e97-94cf-9f20b09bf28e_1887755952.jpeg?h=225&w=225,Food Cupboard,World Foods
264801783,Lisner Herring Creamy Sauce 280G,£1.95,£6.96/kg,,,False,,False,3.5,11,False,https://www.tesco.com/groceries/en-GB/products/264801783,https://digitalcontent.api.tesco.com/v2/media/ghs/aa1c245f-024c-462a-934f-29011f2430ba/32e73442-f247-494a-bf92-b0cb297fbb7c_1805626118.jpeg?h=225&w=225,Food Cupboard,World Foods
276003678,Ka Sparkling Pineapple 2 Litre Bottle,£1.95,£0.10/100ml,,,False,,False,,,False,https://www.tesco.com/groceries/en-GB/products/276003678,https://digitalcontent.api.tesco.com/v2/media/ghs/6c2567d0-63b0-4749-b106-0e316c71731d/59a42461-1811-4d6a-9bf9-09fff0cf326f_1105632259.jpeg?h=225&w=225,Food Cupboard,World Foods
296455509,Grace Jamaican Jerk Bbq Sauce 375G,£1.80,£0.48/100g,£1.50 Clubcard Price,(£0.40/100g),True,Offer valid for delivery from 16/04/2025 until 03/06/2025,False,4.7,3,False,https://www.tesco.com/groceries/en-GB/products/296455509,https://digitalcontent.api.tesco.com/v2/media/ghs/eb02b693-85be-491c-965c-7098ff29946d/c1e1d693-64e9-4353-bec5-431493bdbb08_457233574.jpeg?h=225&w=225,Food Cupboard,World Foods
267459428,Regal Puff Pastry Finger Biscuits 200G,£1.30,£0.65/100g,,,False,,False,3.8,13,False,https://www.tesco.com/groceries/en-GB/products/267459428,https://digitalcontent.api.tesco.com/v2/media/ghs/fdb0c2e1-67f3-494e-8e01-e8a976341306/62beabb6-95e2-4435-98f8-89a761de0935_1376170250.jpeg?h=225&w=225,Food Cupboard,World Foods
266317057,Carib Caribbean Lager 330Ml,£1.60,£4.85/litre,,,False,,False,,5,False,https://www.tesco.com/groceries/en-GB/products/266317057,https://digitalcontent.api.tesco.com/v2/media/ghs/248d43dc-eb16-438f-9aae-1f01bf242f65/f49d5439-fc57-4b69-affa-c92d83d26a93_470963429.jpeg?h=225&w=225,Food Cupboard,World Foods
305041317,Cawoods Dry Salted Skinless & Boneless Cod Fillets 200G,£5.75,£2.88/100g,,,False,,False,,2,False,https://www.tesco.com/groceries/en-GB/products/305041317,https://digitalcontent.api.tesco.com/v2/media/ghs/1b18ca3c-8cee-4b63-9081-b7d4d382fab1/263f81b2-81a7-4bae-b3a9-61f01c0ca384_1882644262.jpeg?h=225&w=225,Food Cupboard,World Foods
292809571,Humza Frozen Vegetable Samosas 20 Pieces 650g,£4.70,£7.23/kg,,,False,,False,2.6,14,False,https://www.tesco.com/groceries/en-GB/products/292809571,https://digitalcontent.api.tesco.com/v2/media/ghs/bc09dea1-c031-4f50-812e-fdab3ee4a53c/c9bdd3a1-e155-4864-b649-a9389adecd27.jpeg?h=225&w=225,Food Cupboard,World Foods
302316073,Veetee Mega Premium Basmati Extra Long Rice 2kg,£5.70,£2.85/kg,,,False,,False,3.7,3,False,https://www.tesco.com/groceries/en-GB/products/302316073,https://digitalcontent.api.tesco.com/v2/media/ghs/4d9a793d-0d3e-4f11-b768-6438429d1981/05cce546-389e-494a-9d49-7e09b6d2ca7a_1770879334.jpeg?h=225&w=225,Food Cupboard,World Foods
271232852,Guinness Foreign Extra Stout 4 x 325ml,£8.00,£6.15/litre,,,False,,False,4.4,8,False,https://www.tesco.com/groceries/en-GB/products/271232852,https://digitalcontent.api.tesco.com/v2/media/ghs/6de0f242-7420-4e35-9411-52c84008c88d/e6558011-d05a-4a4b-9b56-a5afe019c127.jpeg?h=225&w=225,Food Cupboard,World Foods
264934026,East End Garam Masala Mixd Powder 300,£4.00,£0.13/10g,,,False,,False,,2,False,https://www.tesco.com/groceries/en-GB/products/264934026,https://digitalcontent.api.tesco.com/v2/media/ghs/6e70c0d1-4c52-4ef7-b92c-88b4074fad49/befdc540-f841-44de-bfdc-b249e661e63f_1042486460.jpeg?h=225&w=225,Food Cupboard,World Foods
265181200,Koh-I-Noor Besan Gram Flour 1Kg,£2.65,£2.65/kg,,,False,,False,3.3,13,False,https://www.tesco.com/groceries/en-GB/products/265181200,https://digitalcontent.api.tesco.com/v2/media/ghs/1a9d2a16-d3c9-49d0-82ef-f6d163567b4d/82c81f00-06f6-42c9-9a54-e48b21caae4f_575286719.jpeg?h=225&w=225,Food Cupboard,World Foods
259536574,Milo Instant Malt Chocolate Drinking Powder Tin Singapore 400g,£5.95,£1.49/100g,,,False,,False,4.3,6,False,https://www.tesco.com/groceries/en-GB/products/259536574,https://digitalcontent.api.tesco.com/v2/media/ghs/9f0f13e0-b0d1-46f9-a77e-3eddac770eb0/c0d34cbe-bd5c-49b0-8f74-92a6c9fdc447_1118880640.jpeg?h=225&w=225,Food Cupboard,World Foods
273027879,Tiger Tiger Rice Vermicelli 400G,£2.40,£6.00/kg,,,False,,False,,,False,https://www.tesco.com/groceries/en-GB/products/273027879,https://digitalcontent.api.tesco.com/v2/media/ghs/59319b6d-3095-4c90-9884-4a39f817ce86/dc6c6a66-2ffd-447f-ba19-3814374b5985_1634293536.jpeg?h=225&w=225,Food Cupboard,World Foods
301555447,Grace Mackerel Tomato Sauce Hot & Spicy 425G,£2.25,£0.53/100g,,,False,,False,2.5,2,False,https://www.tesco.com/groceries/en-GB/products/301555447,https://digitalcontent.api.tesco.com/v2/media/ghs/0a85bffc-f3a8-4f92-9945-0ce53208474a/15d33c37-99fa-4751-925a-815b708ab881_851890243.jpeg?h=225&w=225,Food Cupboard,World Foods
268578971,Nomadic Ayran Natural Yogurt Drink 1L,£2.00,£0.20/100ml,,,False,,False,4.1,11,False,https://www.tesco.com/groceries/en-GB/products/268578971,https://digitalcontent.api.tesco.com/v2/media/ghs/aaffe869-b4b9-406c-b2db-c79b6a30d661/c5f92174-b5d1-4369-b145-0d98db22b270.jpeg?h=225&w=225,Food Cupboard,World Foods
276761603,Lee Kum Kee Teriyaki Sauce 200G,£2.10,£1.05/100g,,,False,,False,,5,False,https://www.tesco.com/groceries/en-GB/products/276761603,https://digitalcontent.api.tesco.com/v2/media/ghs/4b8d2c4d-6ac3-4002-bbc4-ce3b5739f54f/a2c995d6-0851-4f71-8896-b1d1dd9b8ce6_1518724170.jpeg?h=225&w=225,Food Cupboard,World Foods
276785903,Satono Yuki Tofu 300G,£1.90,£6.33/kg,,,False,,False,3.7,12,False,https://www.tesco.com/groceries/en-GB/products/276785903,https://digitalcontent.api.tesco.com/v2/media/ghs/a6936ad4-4f72-4e30-8027-4879c1186204/00c0d39f-af42-45ae-9b6f-a8e7ce2fd336_393206420.jpeg?h=225&w=225,Food Cupboard,World Foods
293258477,Kohinoor Dal Tarka 300G,£1.85,£0.62/100g,,,False,,False,3.3,10,False,https://www.tesco.com/groceries/en-GB/products/293258477,https://digitalcontent.api.tesco.com/v2/media/ghs/afb0f5b1-85af-45d3-9a6d-b346f4a7b435/0af35f2a-76f8-4867-9295-57cb35eb4b8d_206155123.jpeg?h=225&w=225,Food Cupboard,World Foods
255575078,Natco Fine Corn Meal 1.5kg,£2.10,£1.40/kg,,,False,,False,,5,False,https://www.tesco.com/groceries/en-GB/products/255575078,https://digitalcontent.api.tesco.com/v2/media/ghs/37ad404d-bdae-4efc-be9f-6d2723f01037/3c575cde-875f-4bab-949b-b6b4ec8bd844_1136433835.jpeg?h=225&w=225,Food Cupboard,World Foods
301554189,Dalgety Honey & Ginger Tea 72G,£1.90,£2.64/100g,,,False,,False,,,False,https://www.tesco.com/groceries/en-GB/products/301554189,https://digitalcontent.api.tesco.com/v2/media/ghs/13a21c62-e72b-41cc-9f74-2ae900f8ebb9/dc2b283d-1709-4169-b054-0181f2289287_1414769615.jpeg?h=225&w=225,Food Cupboard,World Foods
273593582,Morliny Garlic Sausage 400G,,,,,False,,False,,4,False,https://www.tesco.com/groceries/en-GB/products/273593582,https://digitalcontent.api.tesco.com/v2/media/ghs/ff5ebf9b-796d-4f5c-b35f-e2156e47f84a/de243ddb-48f2-4494-971e-60b91bdb6a8d.jpeg?h=225&w=225,Food Cupboard,World Foods
308859895,"Kubus 100% Juice Apple, Carrot & Banana 850Ml",£2.00,£0.24/100ml,,,False,,False,4.7,3,False,https://www.tesco.com/groceries/en-GB/products/308859895,https://digitalcontent.api.tesco.com/v2/media/ghs/c4eb746e-43e6-4692-9f24-ddbda1a8b1c4/e95a4fbb-9ab6-43ef-a07a-c3db8cef8052_79462545.jpeg?h=225&w=225,Food Cupboard,World Foods
290240905,Morliny Berlinki Hot Dog With Cheese 250G,£1.60,£0.64/100g,,,False,,False,,7,False,https://www.tesco.com/groceries/en-GB/products/290240905,https://digitalcontent.api.tesco.com/v2/media/ghs/acae8f6a-1a7b-431a-9bed-981714ba5a6e/b2e67a07-62cf-4982-8ff5-8b18139a680e.jpeg?h=225&w=225,Food Cupboard,World Foods
275617760,Cocon Assorted Fruit Jelly Pudding 6 X 80G,£1.95,£0.41/100g,,,False,,False,4.4,24,False,https://www.tesco.com/groceries/en-GB/products/275617760,https://digitalcontent.api.tesco.com/v2/media/ghs/2218cd23-9253-4d20-b643-6a5b499fc367/b1475c34-d5a5-4128-9bcb-9e23e5d6e4f8_558246603.jpeg?h=225&w=225,Food Cupboard,World Foods
271636167,Tymbark Apple Watermelon Drink 250Ml,£0.70,£0.28/100ml,,,False,,False,,6,False,https://www.tesco.com/groceries/en-GB/products/271636167,https://digitalcontent.api.tesco.com/v2/media/ghs/e727102a-e98d-468b-8c1e-f886ed2712d5/7baa3a00-73bb-45c1-9ad7-67a4d08b910a_180951100.jpeg?h=225&w=225,Food Cupboard,World Foods
309174384,Bigga Fruit Punch Soft Drink 600Ml,£1.40,£0.23/100ml,,,False,,False,,,False,https://www.tesco.com/groceries/en-GB/products/309174384,https://digitalcontent.api.tesco.com/v2/media/ghs/4a9e7593-4982-4b8b-b8b1-f90a5087846f/c74a1828-1b67-4fd6-bb53-228dd064ebc6_1013714946.jpeg?h=225&w=225,Food Cupboard,World Foods
301602922,Milka Hazelnut Chocolate Bar 100g,£1.45,£1.45/100g,,,False,,False,4.8,6,False,https://www.tesco.com/groceries/en-GB/products/301602922,https://digitalcontent.api.tesco.com/v2/media/ghs/4f595949-2fb3-4508-9b28-53c8babe44fa/ea158b81-4ff4-40db-a5d0-f7593222de01_332192653.jpeg?h=225&w=225,Food Cupboard,World Foods
305051991,Grace Salted Sweet Chilli Plantain Chips 85g,£1.10,£1.29/100g,85p Clubcard Price,(£1.00/100g),True,Offer valid for delivery from 16/04/2025 until 03/06/2025,False,,2,False,https://www.tesco.com/groceries/en-GB/products/305051991,https://digitalcontent.api.tesco.com/v2/media/ghs/a8863bde-1fb7-4def-bc72-efad64aa4a68/c5c09a28-00d1-4b15-a7fe-16a0bef65004_1429931625.jpeg?h=225&w=225,Food Cupboard,World Foods
267776824,East End Fennel Seeds 100G,£1.30,£0.13/10g,,,False,,False,,,False,https://www.tesco.com/groceries/en-GB/products/267776824,https://digitalcontent.api.tesco.com/v2/media/ghs/5dc3d7d2-601d-4862-8c0f-e6299e894436/afccdc37-b89c-442b-a211-036eb12142b0_2137457140.jpeg?h=225&w=225,Food Cupboard,World Foods
271138474,Grace Coconut Water Smooth 310Ml,£1.20,£0.39/100ml,,,False,,False,,,False,https://www.tesco.com/groceries/en-GB/products/271138474,https://digitalcontent.api.tesco.com/v2/media/ghs/484f34d8-2f73-4aa1-98c9-a9e165a2cdb8/7e22ab73-4852-4299-ab87-299051910f1b_1249521825.jpeg?h=225&w=225,Food Cupboard,World Foods
275290355,Rubicon Sparkling Mango Juice Drink 2 Litre Bottle,£2.00,£0.10/100ml,,,False,,False,3.7,3,False,https://www.tesco.com/groceries/en-GB/products/275290355,https://digitalcontent.api.tesco.com/v2/media/ghs/0e78f6bb-892e-49b2-9445-47c15ab13a40/0dacaf73-ebfb-4593-bc7b-73cd9f2c634c_300825078.jpeg?h=225&w=225,Food Cupboard,World Foods
275454836,Rubicon Sparkling Passion Fruit Juice Drink 2 Litre,£2.00,£0.10/100ml,,,False,,False,3.8,5,False,https://www.tesco.com/groceries/en-GB/products/275454836,https://digitalcontent.api.tesco.com/v2/media/ghs/07547ad5-e7a5-4eca-894d-c778cde061b6/db006a20-e2b5-4458-998a-60746d12ff0f_1184967583.jpeg?h=225&w=225,Food Cupboard,World Foods
287593468,Cofresh Hot Chilli Hoops Flavoured Potato Snack 80g,£1.30,£1.62/100g,,,False,,False,,5,False,https://www.tesco.com/groceries/en-GB/products/287593468,https://digitalcontent.api.tesco.com/v2/media/ghs/95ce0866-a584-45d5-bb90-45f85138cc1a/301f4250-9203-47c3-9f81-81b1c5bbc672_1663263040.jpeg?h=225&w=225,Food Cupboard,World Foods
300457087,Rubicon Deluxe Mango 1L,£2.20,£0.22/100ml,£1.80 Clubcard Price,(£0.18/100ml),True,Offer valid for delivery from 31/03/2025 until 22/04/2025,False,,2,False,https://www.tesco.com/groceries/en-GB/products/300457087,https://digitalcontent.api.tesco.com/v2/media/ghs/131e8831-bf5c-4726-891a-1b6390479391/e067d362-b2f5-4277-8ff6-f0a0f2d65f54_1858505492.jpeg?h=225&w=225,Food Cupboard,World Foods
272478254,Tesco Wholemeal Chapatti Flour 10Kg,£7.50,£0.75/kg,,,False,,False,3.4,16,False,https://www.tesco.com/groceries/en-GB/products/272478254,https://digitalcontent.api.tesco.com/v2/media/ghs/ef73a1c1-782c-4226-8981-2463e7732412/2db06a94-4fed-4667-a434-2ccfe52aacb8_90904028.jpeg?h=225&w=225,Food Cupboard,World Foods
305735349,Milo Instant Malt Chocolate Drinking Powder Tin Ghanaian 400g,£5.95,£1.49/100g,,,False,,False,,2,False,https://www.tesco.com/groceries/en-GB/products/305735349,https://digitalcontent.api.tesco.com/v2/media/ghs/903bcde0-8c2e-4f00-9313-ee54da3d326a/4e05fc8f-fb11-4422-b03f-58c7e76b905d_355057633.jpeg?h=225&w=225,Food Cupboard,World Foods
280379486,Mr Prawn Cooked & Peeled Prawns 100/150 350G,£5.00,£1.43/100g,,,False,,False,1.2,52,False,https://www.tesco.com/groceries/en-GB/products/280379486,https://digitalcontent.api.tesco.com/v2/media/ghs/7ff756e4-2961-4ce0-8198-537913219618/b11b2a29-e396-49b5-9f27-76c9cc6e7914.jpeg?h=225&w=225,Food Cupboard,World Foods
297199776,Dino's Famous Big Dogs 1030G,,,,,False,,False,4.2,28,False,https://www.tesco.com/groceries/en-GB/products/297199776,https://digitalcontent.api.tesco.com/v2/media/ghs/aaf7aefa-8807-4fc3-b86c-0e4fc82871f2/37604f4c-0619-499f-bf66-8c01805e209f_1617626885.jpeg?h=225&w=225,Food Cupboard,World Foods
297559640,East End Himalayan Pink Salt 250G,£2.90,£0.12/10g,,,False,,False,,,False,https://www.tesco.com/groceries/en-GB/products/297559640,https://digitalcontent.api.tesco.com/v2/media/ghs/b3116a88-85f9-48b8-927f-13120502e939/713732c7-6398-4431-b464-e6bb03202d14_424259886.jpeg?h=225&w=225,Food Cupboard,World Foods
305052765,Duda Hunters Sausage 250G,£3.25,£1.30/100g,,,False,,False,4.8,13,False,https://www.tesco.com/groceries/en-GB/products/305052765,https://digitalcontent.api.tesco.com/v2/media/ghs/1049acfb-f99f-4635-80ee-62354d4090db/ccf34e4d-9729-4b79-b5c2-822c4c2a3443.jpeg?h=225&w=225,Food Cupboard,World Foods
287604601,Natco Mung Dal Yellow 1Kg,£3.10,£3.10/kg,,,False,,False,,,False,https://www.tesco.com/groceries/en-GB/products/287604601,https://digitalcontent.api.tesco.com/v2/media/ghs/73100161-7f71-4f5f-8de4-8073ac4a19c6/536b1bbb-f13a-4c5d-a158-abdde88d843d_807356128.jpeg?h=225&w=225,Food Cupboard,World Foods
255577427,Natco Coarse Semolina 1.5kg,£2.95,£1.97/kg,,,False,,False,,,False,https://www.tesco.com/groceries/en-GB/products/255577427,https://digitalcontent.api.tesco.com/v2/media/ghs/e30d2c6a-735d-41cb-b650-2f26d74180d0/71b82f3d-5a46-4153-93c4-a9c7e295883c_719907974.jpeg?h=225&w=225,Food Cupboard,World Foods
313001146,Miso Tasty Organic White Miso Light Soy Paste 110G,£2.60,£2.36/100g,,,False,,False,,,False,https://www.tesco.com/groceries/en-GB/products/313001146,https://digitalcontent.api.tesco.com/v2/media/ghs/7ec21104-9186-4054-b204-3612140fcaf8/7f3d1feb-19b4-4e6f-8649-ce83af166008_1688085706.jpeg?h=225&w=225,Food Cupboard,World Foods
293258598,Kohinoor Dal Makhani 300G,£1.85,£6.17/kg,,,False,,False,4.5,10,False,https://www.tesco.com/groceries/en-GB/products/293258598,https://digitalcontent.api.tesco.com/v2/media/ghs/1abb7c98-39f8-4e60-8dfe-08901d9f5c53/61a7ce06-7afb-496f-8b0f-9df8f5817bed_466052350.jpeg?h=225&w=225,Food Cupboard,World Foods
277006852,Al'fez Moroccan Spiced Couscous 200G,£1.85,£9.25/kg,£1.50 Clubcard Price,(£7.50/kg),True,Offer valid for delivery from 16/04/2025 until 13/05/2025,False,3.3,7,False,https://www.tesco.com/groceries/en-GB/products/277006852,https://digitalcontent.api.tesco.com/v2/media/ghs/18418a8c-597f-4c3a-9733-0b885e6f7169/cb1a5695-fd9d-4073-8818-62b30fb0582b_1025251851.jpeg?h=225&w=225,Food Cupboard,World Foods
302309259,Regal Madeira Double Slice 370G,£2.00,£0.54/100g,,,False,,False,,4,False,https://www.tesco.com/groceries/en-GB/products/302309259,https://digitalcontent.api.tesco.com/v2/media/ghs/13a21d90-f8f1-445f-83dd-9c788ff5fe8c/965b7ade-0663-43b2-8d6b-9a1f06cac0c6_1965192888.jpeg?h=225&w=225,Food Cupboard,World Foods
280710745,Laila Kesar Mango Pulp 850G,£2.60,£3.06/kg,,,False,,False,3.5,12,False,https://www.tesco.com/groceries/en-GB/products/280710745,https://digitalcontent.api.tesco.com/v2/media/ghs/47361ee5-8217-4a12-b4a4-dcb391dd42b4/b1765c13-5b67-4a36-9586-94860e8e5959_904915960.jpeg?h=225&w=225,Food Cupboard,World Foods
265413941,Nomadic Exotic Yogurt Drink - Mango Lassi 500ml,£1.80,£0.36/100ml,,,False,,False,3.3,9,False,https://www.tesco.com/groceries/en-GB/products/265413941,https://digitalcontent.api.tesco.com/v2/media/ghs/7960900b-31e3-4cf9-97ef-08ba1874e642/86b3252c-0ccf-44eb-a16c-070e408bbf26.jpeg?h=225&w=225,Food Cupboard,World Foods
259588074,Cofresh Chakri Rice Sticks 300G,£1.75,£0.58/100g,,,False,,False,,8,False,https://www.tesco.com/groceries/en-GB/products/259588074,https://digitalcontent.api.tesco.com/v2/media/ghs/5c9e7368-d29b-4e64-b789-6b4f29e8f114/4517e4ae-14a6-4f57-bcb3-46e6f1c3459b_456878903.jpeg?h=225&w=225,Food Cupboard,World Foods
287547864,Cofresh London Mix 325G,£1.65,£0.51/100g,,,False,,False,,12,False,https://www.tesco.com/groceries/en-GB/products/287547864,https://digitalcontent.api.tesco.com/v2/media/ghs/40c46ff9-bc59-410d-a6dc-e211112bf14e/60e26e9f-a5a4-4e61-a4a5-c2187904d855_804514633.jpeg?h=225&w=225,Food Cupboard,World Foods
300420418,Kubus 100% Multivitamin Juice 300Ml,£0.80,£0.27/100ml,,,False,,False,,1,False,https://www.tesco.com/groceries/en-GB/products/300420418,https://digitalcontent.api.tesco.com/v2/media/ghs/20b7ef22-4a45-442b-b37a-caadaee52ddc/a000aef1-e05d-4aaf-acf9-bd6c2e4e4c39_202523305.jpeg?h=225&w=225,Food Cupboard,World Foods
309162467,Bigga Grape Flavour Soft Drink 600Ml,£1.40,£0.23/100ml,,,False,,False,,,False,https://www.tesco.com/groceries/en-GB/products/309162467,https://digitalcontent.api.tesco.com/v2/media/ghs/4bae6d88-e0c3-462c-a8d7-045a84aa638f/91aab099-69db-4253-b8b2-c1277fdba5ea_1737834518.jpeg?h=225&w=225,Food Cupboard,World Foods
264207784,Almette Soft Cheese 150g,£1.50,£10.00/kg,,,False,,False,4.8,5,False,https://www.tesco.com/groceries/en-GB/products/264207784,https://digitalcontent.api.tesco.com/v2/media/ghs/51d845d9-465a-4175-9a6b-88e79473b8d9/28bdd95a-9d6b-43a8-94a9-d6d73e5ccf48_646283461.jpeg?h=225&w=225,Food Cupboard,World Foods
287548362,Cofresh Gujarati Mix 325G,£1.65,£0.51/100g,,,False,,False,,3,False,https://www.tesco.com/groceries/en-GB/products/287548362,https://digitalcontent.api.tesco.com/v2/media/ghs/3f7b0e74-8d89-46f7-ba44-b34026e82865/7bfc1bec-65ca-4f8c-93be-43ac9f03750b_115866207.jpeg?h=225&w=225,Food Cupboard,World Foods
301555361,Grace Macaroni & Cheese 206G,£2.00,£9.71/kg,,,False,,False,2.9,11,False,https://www.tesco.com/groceries/en-GB/products/301555361,https://digitalcontent.api.tesco.com/v2/media/ghs/f5e37aac-215a-490a-b9b6-5bc9ee201e08/7a7a3c1b-46cc-4b3c-a6bc-79b0b1a32d03_716747310.jpeg?h=225&w=225,Food Cupboard,World Foods
310680492,Tropical Sun All Purpose Seasoning 100G,£1.10,£1.10/100g,,,False,,False,,,False,https://www.tesco.com/groceries/en-GB/products/310680492,https://digitalcontent.api.tesco.com/v2/media/ghs/aedcb798-a842-4aa4-9232-3736cdec6591/cb7ab929-087d-43bc-83f3-a24d1d7b8618_1761980052.jpeg?h=225&w=225,Food Cupboard,World Foods
261633272,East End Red Kidney Beans 500G,£1.90,£3.80/kg,,,False,,False,,,False,https://www.tesco.com/groceries/en-GB/products/261633272,https://digitalcontent.api.tesco.com/v2/media/ghs/e11afd33-d998-4b55-8aec-f8d2618e02b5/7fd75764-7f92-4a1d-aaed-e52e8867626f_2009583716.jpeg?h=225&w=225,Food Cupboard,World Foods
275902733,E.Wedel Milk Chocolate With Hazelnuts 100G,£1.65,£1.65/100g,,,False,,False,4.3,10,False,https://www.tesco.com/groceries/en-GB/products/275902733,https://digitalcontent.api.tesco.com/v2/media/ghs/5c84bf3b-050a-4291-8561-d4b1375a8f48/8d3cc38c-1b7a-4e32-832b-e50c9130600c_89916847.jpeg?h=225&w=225,Food Cupboard,World Foods
260439396,Brunswick Sardines In Soya Oil 106G,£1.20,£1.33/100g DR.WT,,,False,,False,,1,False,https://www.tesco.com/groceries/en-GB/products/260439396,https://digitalcontent.api.tesco.com/v2/media/ghs/8a775b6d-43e4-43d9-a91f-f8a9c334227b/8e1b816d-62ec-4110-a924-037d5c1d60c7_522693860.jpeg?h=225&w=225,Food Cupboard,World Foods
310107055,Tropical Vibes Lemonade Ocean Blue 300Ml,£1.00,£0.33/100ml,,,False,,False,,,False,https://www.tesco.com/groceries/en-GB/products/310107055,https://digitalcontent.api.tesco.com/v2/media/ghs/bcc2f3ab-13d4-4819-8adc-2d3574e1c4b3/14a5cde9-eb7e-4360-b49c-b4401ee8dfb0_1842219304.jpeg?h=225&w=225,Food Cupboard,World Foods
277551240,Honey Bun Jamaican Spiced Bun 795G,£4.75,£0.60/100g,£3.80 Clubcard Price,(£0.48/100g),True,Offer valid for delivery from 19/03/2025 until 06/05/2025,False,3.2,4,False,https://www.tesco.com/groceries/en-GB/products/277551240,https://digitalcontent.api.tesco.com/v2/media/ghs/9825e9a0-420a-42d7-ba15-1df059a574c9/92134e5c-9702-43f2-a006-1b9248690d75_1965654355.jpeg?h=225&w=225,Food Cupboard,World Foods
302036536,Humza Hfc Piri Piri Chicken Goujons 500G,£3.30,£6.60/kg,,,False,,False,1.7,40,False,https://www.tesco.com/groceries/en-GB/products/302036536,https://digitalcontent.api.tesco.com/v2/media/ghs/c0207c9b-c967-44d4-a8e7-592c889e0148/0acd8c50-e442-462f-9566-7da0e9d94f93.jpeg?h=225&w=225,Food Cupboard,World Foods
267797217,Regal Original Cake Rusks 28 Pieces,£3.70,£0.13/each,,,False,,False,4.2,4,False,https://www.tesco.com/groceries/en-GB/products/267797217,https://digitalcontent.api.tesco.com/v2/media/ghs/822971ea-8272-4b1d-8d66-0af1c5b8ce61/c8db18f3-b28b-4881-86d7-f86048562192_232890034.jpeg?h=225&w=225,Food Cupboard,World Foods
276878120,Malta Guinness Imported Nigeria Drink 4 X 330Ml,£5.00,£3.79/litre,,,False,,False,,3,False,https://www.tesco.com/groceries/en-GB/products/276878120,https://digitalcontent.api.tesco.com/v2/media/ghs/effb8c88-9ba0-4fdd-bb7d-c297b932eff2/5145df19-8add-4758-a525-c36eded73f0a_1637342843.jpeg?h=225&w=225,Food Cupboard,World Foods
297490040,East End Fennel Seeds 300G,£2.65,£0.09/10g,,,False,,False,,,False,https://www.tesco.com/groceries/en-GB/products/297490040,https://digitalcontent.api.tesco.com/v2/media/ghs/e0942ed8-1350-4e0e-b7e2-db06a1891135/0465f26c-11cf-43f9-bb39-ae90b9d98cbf_1126397497.jpeg?h=225&w=225,Food Cupboard,World Foods
314582728,French's Nashville Chicken with Fries Seasoning Recipe Kit 105G,£2.25,£2.14/100g,,,False,,False,4.8,21,False,https://www.tesco.com/groceries/en-GB/products/314582728,https://digitalcontent.api.tesco.com/v2/media/ghs/b32675ed-d788-495b-ba0a-4148c316daa4/b57202bc-c151-48a3-97e1-1ae82f593f98_1022558806.jpeg?h=225&w=225,Food Cupboard,World Foods
314823220,Old Bay Lemon & Herb Seasoning 75G,£3.00,£0.40/10g,,,False,,False,4.8,24,False,https://www.tesco.com/groceries/en-GB/products/314823220,https://digitalcontent.api.tesco.com/v2/media/ghs/9e0d4634-0f22-4fae-93c4-4166a675718d/2c13adf7-90dd-44bc-8695-a8e523adb66b_2116644446.jpeg?h=225&w=225,Food Cupboard,World Foods
314847831,French's Sloppy Joes with Fries Seasoning Recipe Kit 105G,£2.25,£2.14/100g,,,False,,False,4.4,23,False,https://www.tesco.com/groceries/en-GB/products/314847831,https://digitalcontent.api.tesco.com/v2/media/ghs/561062ee-8436-410d-a73a-3ed2c07bd281/0455c9ba-3bad-4e0a-80bc-dacbe654c661_816747860.jpeg?h=225&w=225,Food Cupboard,World Foods
314952798,Old Bay Hot Seasoning 75G,£3.00,£4.00/100g,,,False,,False,4.8,24,False,https://www.tesco.com/groceries/en-GB/products/314952798,https://digitalcontent.api.tesco.com/v2/media/ghs/1143cc07-0ab2-4ffa-b49f-7780c68743db/40c1f7a5-fb6a-47c1-9f20-74ffcf68e9c0_1814021717.jpeg?h=225&w=225,Food Cupboard,World Foods
314937333,French's Mac 'n' Cheese with Crunchy Topping Recipe Kit 115G,£2.25,£1.96/100g,,,False,,False,3.7,36,False,https://www.tesco.com/groceries/en-GB/products/314937333,https://digitalcontent.api.tesco.com/v2/media/ghs/6756a897-f390-424d-b753-668c2a9653c9/2db1b224-8d8e-41d2-b24a-27eea45e6388_1541858293.jpeg?h=225&w=225,Food Cupboard,World Foods
314836504,French's Buttermilk Chicken with Fries Seasoning Recipe Kit 85G,£2.25,£2.65/100g,,,False,,False,4.7,22,False,https://www.tesco.com/groceries/en-GB/products/314836504,https://digitalcontent.api.tesco.com/v2/media/ghs/a56433d9-451c-463e-844d-f9094f628a2a/8dc04252-b44f-48a4-9761-cf4542ed718a_1233392398.jpeg?h=225&w=225,Food Cupboard,World Foods
265944174,Cofresh Yuca Cassava Chips 1Kg,£2.00,£2.00/kg,,,False,,False,4.8,4,False,https://www.tesco.com/groceries/en-GB/products/265944174,https://digitalcontent.api.tesco.com/v2/media/ghs/1e586dce-7695-4f8f-8396-d8f2a850e6a1/31bf0dd4-41a0-4799-9b01-07368614543f.jpeg?h=225&w=225,Food Cupboard,World Foods
279751357,Wray & Nephew Rum Cream 200Ml,£4.50,£22.50/litre,,,False,,False,,4,False,https://www.tesco.com/groceries/en-GB/products/279751357,https://digitalcontent.api.tesco.com/v2/media/ghs/09ac29df-4dfd-49b8-984b-fb52e9d608f7/245ee04c-a6c3-43ca-a689-25a1ef61a445_1442395568.jpeg?h=225&w=225,Food Cupboard,World Foods
290738900,Warheads Sour Chewy Cubes Assorted Flavours 113G,£2.35,£2.08/100g,,,False,,False,,2,False,https://www.tesco.com/groceries/en-GB/products/290738900,https://digitalcontent.api.tesco.com/v2/media/ghs/b61e026e-4701-4ace-91b0-4dc8cca92300/b809f655-722d-4d3e-af45-b2f2872f6ddc_2111503454.jpeg?h=225&w=225,Food Cupboard,World Foods
271327959,Niru Coconut Water With Real Pieces Of Coconut 290Ml,£1.40,£0.48/100ml,,,False,,False,,4,False,https://www.tesco.com/groceries/en-GB/products/271327959,https://digitalcontent.api.tesco.com/v2/media/ghs/15fe9343-3829-41ee-9508-e59b8f82a9cd/313eff53-165a-4bc1-a253-8bd40e6e8528_1868539469.jpeg?h=225&w=225,Food Cupboard,World Foods
306658214,Duda Poultry & Pork Pate 300G,£1.55,£0.52/100g,,,False,,False,3.8,6,False,https://www.tesco.com/groceries/en-GB/products/306658214,https://digitalcontent.api.tesco.com/v2/media/ghs/ea30be78-03c7-4e01-bfaf-5350864a57f1/dcb9ad26-4a41-42f0-b1c5-a1c8c05f7f14.jpeg?h=225&w=225,Food Cupboard,World Foods
305248298,Thai Dragon Red Curry Paste 400G,£2.10,£0.52/100g,£1.60 Clubcard Price,(£0.40/100g),True,Offer valid for delivery from 07/04/2025 until 03/06/2025,False,2.9,36,False,https://www.tesco.com/groceries/en-GB/products/305248298,https://digitalcontent.api.tesco.com/v2/media/ghs/88a88896-f776-4f75-a9ec-73af75a50365/2bb087c3-c7c7-49f5-8d4c-244e5fe27882_1633982367.jpeg?h=225&w=225,Food Cupboard,World Foods
280845574,Dr Witt Multivitamin Drink 1 Litre,£1.85,£0.18/100ml,,,False,,False,,5,False,https://www.tesco.com/groceries/en-GB/products/280845574,https://digitalcontent.api.tesco.com/v2/media/ghs/4e441854-108f-4818-b3c5-a354cd2e5575/7bb2e252-1bdc-443d-9705-770b01e2e71c_685290524.jpeg?h=225&w=225,Food Cupboard,World Foods
315149043,French's Smoky Southern Fries & Wedges Seasoning 20G,£1.20,£6.00/100g,80p Save 1/3 Clubcard Price,(£4.00/100g),True,Offer valid for delivery from 16/04/2025 until 13/05/2025,False,4.7,19,False,https://www.tesco.com/groceries/en-GB/products/315149043,https://digitalcontent.api.tesco.com/v2/media/ghs/5d7b990f-8868-4ca0-85cb-8cc8b204a46a/93c1d44c-15dc-4c78-a130-d8a1752301a9_1531529002.jpeg?h=225&w=225,Food Cupboard,World Foods
315154537,French's Honey & Chipotle Fries & Wedges Seasoning 20G,£1.20,£6.00/100g,80p Save 1/3 Clubcard Price,(£4.00/100g),True,Offer valid for delivery from 16/04/2025 until 13/05/2025,False,4.8,20,False,https://www.tesco.com/groceries/en-GB/products/315154537,https://digitalcontent.api.tesco.com/v2/media/ghs/9192e2f6-bc32-43dc-aa67-7c5f1686e6e1/abc23520-e25a-4271-ae70-4723b295d19a_980713696.jpeg?h=225&w=225,Food Cupboard,World Foods
267335264,Cofresh Crunchy Corn Nuts Chilli & Lemon 175G,£1.50,£8.57/kg,,,False,,False,,1,False,https://www.tesco.com/groceries/en-GB/products/267335264,https://digitalcontent.api.tesco.com/v2/media/ghs/7c859c6d-8eff-49eb-a942-9374077a5c1d/7d92f888-d856-42f9-9022-c5cfabc95062_2106151842.jpeg?h=225&w=225,Food Cupboard,World Foods
314581689,Frank's RedHot Buffalo New York Style Cook-In-Bag 25G,£1.35,£5.40/100g,,,False,,False,4.9,20,False,https://www.tesco.com/groceries/en-GB/products/314581689,https://digitalcontent.api.tesco.com/v2/media/ghs/ad76d3e0-3450-49e2-a1ea-5147332fd126/b3483856-3e7c-4dcf-8da5-6616ca47ff3d_1752011728.jpeg?h=225&w=225,Food Cupboard,World Foods
314927944,Frank's RedHot Sweet & Spicy Georgia Style Cook-In-Bag 25G,£1.35,£5.40/100g,,,False,,False,4.8,23,False,https://www.tesco.com/groceries/en-GB/products/314927944,https://digitalcontent.api.tesco.com/v2/media/ghs/700ca4ac-8dbf-4901-901d-b361a4844b9e/ebd5b9aa-0e18-464a-87ee-26923f46a186_110139935.jpeg?h=225&w=225,Food Cupboard,World Foods
276732834,Lee Kum Kee Premium Light Soy Sauce 150Ml,£1.50,£1.00/100ml,,,False,,False,,2,False,https://www.tesco.com/groceries/en-GB/products/276732834,https://digitalcontent.api.tesco.com/v2/media/ghs/e2cc7911-e745-48ec-afef-9a4c1f9fa3bb/efa090ed-f195-42df-a34c-a9b288771070_1090278773.jpeg?h=225&w=225,Food Cupboard,World Foods
267830668,Regal Classic Fruit Cake Slices 7S,£1.60,£0.76/100g,,,False,,False,3.8,4,False,https://www.tesco.com/groceries/en-GB/products/267830668,https://digitalcontent.api.tesco.com/v2/media/ghs/9d857957-766a-4832-967e-3789ee6d0c69/c7ffb3c1-a6f5-4fb6-b62d-9cfc46b32cfc_231208491.jpeg?h=225&w=225,Food Cupboard,World Foods
287569671,Cofresh Mild & Tangy Jalapeno Potato Grills 80G,£1.30,£1.62/100g,,,False,,False,3.7,10,False,https://www.tesco.com/groceries/en-GB/products/287569671,https://digitalcontent.api.tesco.com/v2/media/ghs/22272432-63e7-4599-90f0-93360f97fb72/0d3e8a73-973e-4307-9e8d-126408fe5a30_1586128430.jpeg?h=225&w=225,Food Cupboard,World Foods
278273694,Morliny Cooked Smoked Chicken Leg Quarter,£1.43,£5.70/kg,,,False,,False,4.3,9,False,https://www.tesco.com/groceries/en-GB/products/278273694,https://digitalcontent.api.tesco.com/v2/media/ghs/278d6090-1dd1-44ee-b6bf-fc4231236f82/9d4435f3-d4c3-4ca4-a753-105dedc58694.jpeg?h=225&w=225,Food Cupboard,World Foods
259488457,Pudliszki Hot Tomato Ketchup 480G,£1.60,£0.33/100g,,,False,,False,4.5,13,False,https://www.tesco.com/groceries/en-GB/products/259488457,https://digitalcontent.api.tesco.com/v2/media/ghs/8a4e594d-c0a3-46ab-84f9-887efcbdd4dc/e2bfcd10-ebc1-4b6c-806f-784f04c765c7_632425614.jpeg?h=225&w=225,Food Cupboard,World Foods
293236618,Shayona Phooli Ganthia 170G,,,,,False,,False,3.3,3,False,https://www.tesco.com/groceries/en-GB/products/293236618,https://digitalcontent.api.tesco.com/v2/media/ghs/e7b74b38-5ab3-454f-9cc8-061b1ba0bac0/72823caf-1b88-4623-8c09-57adfbfab139_473052796.jpeg?h=225&w=225,Food Cupboard,World Foods
279767609,Honey Bun Fruit Bun 128G,£1.10,£0.86/100g,85p Clubcard Price,(£0.66/100g),True,Offer valid for delivery from 19/03/2025 until 06/05/2025,False,,1,False,https://www.tesco.com/groceries/en-GB/products/279767609,https://digitalcontent.api.tesco.com/v2/media/ghs/9f325cf2-240f-4b72-ad3e-8a8a3e59487a/cd2ef3b2-e549-4135-9410-60a01fe0761f_781946653.jpeg?h=225&w=225,Food Cupboard,World Foods
272515499,Tesco Olive Pomace Oil Blend 5 Litres,£18.50,£0.37/100ml,,,False,,False,4.1,9,False,https://www.tesco.com/groceries/en-GB/products/272515499,https://digitalcontent.api.tesco.com/v2/media/ghs/f4892396-d137-4102-a163-bb54eb2e5709/2c7c20ba-e08c-4037-8c24-1277987d656c_1970371535.jpeg?h=225&w=225,Food Cupboard,World Foods
302036571,Humza Microcook Chicken Kebabs 600g,£6.00,£10.00/kg,,,False,,False,2.6,14,False,https://www.tesco.com/groceries/en-GB/products/302036571,https://digitalcontent.api.tesco.com/v2/media/ghs/ea5a2969-1291-4929-9cae-6d7f49eaa2b5/b8d6f845-9fb1-416b-9d55-c7215fab58a1.jpeg?h=225&w=225,Food Cupboard,World Foods
267753045,Royal Gulabjam Dessert 500G,£4.00,£0.80/100g,,,False,,False,2.9,11,False,https://www.tesco.com/groceries/en-GB/products/267753045,https://digitalcontent.api.tesco.com/v2/media/ghs/08831a26-f8f5-4a37-8cd7-39e2aeb958ea/7cc95031-0e8a-45c3-8af1-06f5fffd202a_1794227429.jpeg?h=225&w=225,Food Cupboard,World Foods
263174621,Dawtona Ogorki Kwaszone 900G,£3.20,£0.76/100g DR.WT,,,False,,False,3.7,45,False,https://www.tesco.com/groceries/en-GB/products/263174621,https://digitalcontent.api.tesco.com/v2/media/ghs/9495db9c-74bc-40b5-990d-6f44e2d9ee53/33b6d28c-bc93-46aa-a59b-fcfe6a5fb5d3_1370424069.jpeg?h=225&w=225,Food Cupboard,World Foods
268614036,Krakus Podwawelska Sausages 520G,£4.55,£0.88/100g,,,False,,False,3.8,10,False,https://www.tesco.com/groceries/en-GB/products/268614036,https://digitalcontent.api.tesco.com/v2/media/ghs/52ba03f7-a8d8-479a-9f61-11d55a228104/575e62fc-b4ac-4c8b-b812-28371d2e7b8f.jpeg?h=225&w=225,Food Cupboard,World Foods
278832091,Morliny Smoked Pork Belly 400G,£4.00,£1.00/100g,,,False,,False,3.6,16,False,https://www.tesco.com/groceries/en-GB/products/278832091,https://digitalcontent.api.tesco.com/v2/media/ghs/389232e5-cb67-47b7-ac35-c6045ac623ed/78388866-f697-4f7b-b22d-9cd8b904e009.jpeg?h=225&w=225,Food Cupboard,World Foods
276761540,Lee Kum Kee Sweet Hoisin Sauce 567G,£3.75,£0.66/100g,,,False,,False,4.5,4,False,https://www.tesco.com/groceries/en-GB/products/276761540,https://digitalcontent.api.tesco.com/v2/media/ghs/33f4ce62-6825-4116-8c08-8aed68aab234/92686dcf-079a-4b01-9ca0-a72a3281f2d1_576439322.jpeg?h=225&w=225,Food Cupboard,World Foods
313012029,Baxters Kimchi 300G,£3.50,£11.67/kg,,,False,,False,2.8,16,False,https://www.tesco.com/groceries/en-GB/products/313012029,https://digitalcontent.api.tesco.com/v2/media/ghs/a61d88fe-f269-4a5d-94e2-f7fb96832a5b/7b834e4b-552c-4c79-b112-eb237bfef3f4_278847134.jpeg?h=225&w=225,Food Cupboard,World Foods
305043534,Grace Mighty Malt Drink Original 6 X 330Ml,£5.00,£0.25/100ml,,,False,,False,,1,False,https://www.tesco.com/groceries/en-GB/products/305043534,https://digitalcontent.api.tesco.com/v2/media/ghs/ab38e8a1-2a83-441d-a1c9-6e0a12c8efcf/0c381ea6-ac90-4629-ad54-e5f991805f98_59422938.jpeg?h=225&w=225,Food Cupboard,World Foods
307346674,Sokolow Bukowe Poultry & Pork Sausages 600G,£3.55,£0.59/100g,,,False,,False,2.1,11,False,https://www.tesco.com/groceries/en-GB/products/307346674,https://digitalcontent.api.tesco.com/v2/media/ghs/3155681b-b2f9-418f-b379-67f3422bad67/0602e572-2a3f-4156-8555-024e4d8ccd77.jpeg?h=225&w=225,Food Cupboard,World Foods
309169045,Lowicz Syrup Cherry Flavour 400Ml,£2.20,£0.55/100ml,,,False,,False,4.6,10,False,https://www.tesco.com/groceries/en-GB/products/309169045,https://digitalcontent.api.tesco.com/v2/media/ghs/a18ea470-ce87-42d3-8799-2b2c29c4c252/930f7fdd-9ef4-42cc-8456-897a11d874c3_28120361.jpeg?h=225&w=225,Food Cupboard,World Foods
271638689,Dawtona Swedish Salad 500G,£1.80,£0.77/100g DR.WT,,,False,,False,3.4,10,False,https://www.tesco.com/groceries/en-GB/products/271638689,https://digitalcontent.api.tesco.com/v2/media/ghs/13129d34-6a88-4ec0-8706-1c61f12c114d/871aeb05-4619-460e-b322-f2e90e356056_1004438763.jpeg?h=225&w=225,Food Cupboard,World Foods
287651607,Natco Urid Dal White 1Kg,£3.10,£3.10/kg,,,False,,False,,,False,https://www.tesco.com/groceries/en-GB/products/287651607,https://digitalcontent.api.tesco.com/v2/media/ghs/11b697ef-3c3f-4d87-bb37-b6cf28b9c2ba/91cca73a-e2af-419e-85ad-6e452882cf66_2113419911.jpeg?h=225&w=225,Food Cupboard,World Foods
306801264,Tarczynski Poultry Kabanos With Pork 105G,£2.55,£2.43/100g,,,False,,False,,,False,https://www.tesco.com/groceries/en-GB/products/306801264,https://digitalcontent.api.tesco.com/v2/media/ghs/b4727322-62c8-4124-900f-5928670183ed/b68ad10c-e44e-4497-a67b-e9878230cc2b.jpeg?h=225&w=225,Food Cupboard,World Foods
285983908,Morliny Masurian Sausage 520G,£3.00,£0.58/100g,,,False,,False,,1,False,https://www.tesco.com/groceries/en-GB/products/285983908,https://digitalcontent.api.tesco.com/v2/media/ghs/e85d97dd-d749-46ee-b6f3-bbe0b44d565a/1ad82097-342e-4cab-9279-36de2c655dc7.jpeg?h=225&w=225,Food Cupboard,World Foods
301064400,Itsu Miso'easy Chilli Miso 3X20g,£2.00,£3.33/100g,,,False,,False,4.4,5,False,https://www.tesco.com/groceries/en-GB/products/301064400,https://digitalcontent.api.tesco.com/v2/media/ghs/e1a72baf-1dc8-4c42-9ed9-e3e4cd93a0e4/ef6a232d-2159-4f58-9975-e736c8d089ac_1761181543.jpeg?h=225&w=225,Food Cupboard,World Foods
267771616,Maggi Authentic Indian Tamarind Sauce 425g,£2.30,£0.54/100g,,,False,,False,3.8,31,False,https://www.tesco.com/groceries/en-GB/products/267771616,https://digitalcontent.api.tesco.com/v2/media/ghs/d271467b-a2a4-478a-88b9-ea66c8f1134f/516359e0-6a79-42af-86aa-1bb0c1ef2440_540016569.jpeg?h=225&w=225,Food Cupboard,World Foods
275248482,Tahira Poultry Frankfurter Hot 330G,£2.10,£0.64/100g,,,False,,False,2.5,2,False,https://www.tesco.com/groceries/en-GB/products/275248482,https://digitalcontent.api.tesco.com/v2/media/ghs/7fb83ea7-64b0-4065-a3de-b9dff876fc32/ed9b29a7-5c18-4502-b7db-c4eac274357a.jpeg?h=225&w=225,Food Cupboard,World Foods
271056916,Regal Original Cake Rusks 18 Pieces,£2.60,£0.14/each,,,False,,False,,1,False,https://www.tesco.com/groceries/en-GB/products/271056916,https://digitalcontent.api.tesco.com/v2/media/ghs/eb7f06c2-d142-4b1e-a2e5-bb891da4bcb7/04b15d57-8d2d-4f5d-9347-c9830435c4cd_1827678668.jpeg?h=225&w=225,Food Cupboard,World Foods
276732004,Lee Kum Kee Premium Dark Soy Sauce 150Ml,£1.50,£1.00/100ml,,,False,,False,,2,False,https://www.tesco.com/groceries/en-GB/products/276732004,https://digitalcontent.api.tesco.com/v2/media/ghs/c4eed475-77b9-407e-8021-20ffb8c05d67/8f5070b2-636d-43cf-83e6-7150d724004d_376622412.jpeg?h=225&w=225,Food Cupboard,World Foods
275477999,Cheetos Ketchup Corn Snacks 85G,£1.75,£2.06/100g,,,False,,False,3.4,7,False,https://www.tesco.com/groceries/en-GB/products/275477999,https://digitalcontent.api.tesco.com/v2/media/ghs/b454d934-f32d-4172-9fc1-86912e881775/df579fcf-16e7-41bc-abc2-52fcc5f2d12c_260435505.jpeg?h=225&w=225,Food Cupboard,World Foods
276003223,Ka Sparkling Black Grape 2 Litre Bottle,£1.95,£0.10/100ml,,,False,,False,,4,False,https://www.tesco.com/groceries/en-GB/products/276003223,https://digitalcontent.api.tesco.com/v2/media/ghs/f6118f59-d636-4c8b-bddd-d89d9b953988/89cd18ca-1db0-4635-b50a-e066a345f6fe_1652361234.jpeg?h=225&w=225,Food Cupboard,World Foods
265627947,Podlaski Chicken Pate & Tomatoes 100g,£0.65,£0.65/100g,,,False,,False,3.4,5,False,https://www.tesco.com/groceries/en-GB/products/265627947,https://digitalcontent.api.tesco.com/v2/media/ghs/16674365-536f-4c2f-b6ec-8f5c1cc4b2a7/3e70b286-1cd7-4420-927b-be0d63c16242_345316747.jpeg?h=225&w=225,Food Cupboard,World Foods
301596346,Cofresh Peri Peri Grills 80G,£1.30,£1.62/100g,,,False,,False,,3,False,https://www.tesco.com/groceries/en-GB/products/301596346,https://digitalcontent.api.tesco.com/v2/media/ghs/b56b7243-e5ff-412a-b40b-e528322767ae/37da32b7-f08b-4c1e-957b-8a2d1cfc7bce_1112176273.jpeg?h=225&w=225,Food Cupboard,World Foods
258519888,Dunns River Red Kidney Beans 400G,£0.80,£2.00/kg DR.WT,,,False,,False,,,False,https://www.tesco.com/groceries/en-GB/products/258519888,https://digitalcontent.api.tesco.com/v2/media/ghs/def264c2-3714-47ea-b039-4b64bca11204/1a11cd60-1098-4bb4-b099-39f6e08289ea_1236631004.jpeg?h=225&w=225,Food Cupboard,World Foods
301341003,Hellena Orenzada Drink 250Ml ..,£0.80,£0.32/100ml,,,False,,False,4.8,5,False,https://www.tesco.com/groceries/en-GB/products/301341003,https://digitalcontent.api.tesco.com/v2/media/ghs/fc9f1be3-9a8f-43cb-96eb-baf049fca5b5/18b20055-f1aa-4b54-af8e-e6223f79d060_21416367.jpeg?h=225&w=225,Food Cupboard,World Foods
297003502,Cheezees Jalapeno 45G 45G,£0.70,£1.56/100g,,,False,,False,,2,False,https://www.tesco.com/groceries/en-GB/products/297003502,https://digitalcontent.api.tesco.com/v2/media/ghs/aa0f5e01-951c-4223-9da4-eb34b2352b55/5fc303b8-7293-42c5-807e-b0aea5ca39b6_1523690312.jpeg?h=225&w=225,Food Cupboard,World Foods
302036559,Humza Meat Kebab 600G,£6.00,£10.00/kg,,,False,,False,2.5,35,False,https://www.tesco.com/groceries/en-GB/products/302036559,https://digitalcontent.api.tesco.com/v2/media/ghs/32a171db-1ffc-4ec3-a39d-3d767bc282df/2b30d2b9-d0ed-4cca-a5e3-63ee92802542.jpeg?h=225&w=225,Food Cupboard,World Foods
272191886,Cerelac Baby Cereal Honey Tin 1kg,£9.50,£0.95/100g,,,False,,False,4.6,107,False,https://www.tesco.com/groceries/en-GB/products/272191886,https://digitalcontent.api.tesco.com/v2/media/ghs/8a1476c6-eec1-435f-8ab7-bfc52d4728d9/f7c32f7c-0e01-4e7a-a856-43a85eb0fee4_2030545478.jpeg?h=225&w=225,Food Cupboard,World Foods
297569500,Rajah Jeera Ground Cumin 400G,£4.50,£0.11/10g,,,False,,False,,1,False,https://www.tesco.com/groceries/en-GB/products/297569500,https://digitalcontent.api.tesco.com/v2/media/ghs/5230034e-6340-463e-9a5e-4e8cdcfc0931/04bd5c50-cbb4-453a-aef5-329df28138e4_2120152197.jpeg?h=225&w=225,Food Cupboard,World Foods
264932201,East End Cumin Powder (Jeera) 300G,£4.00,£0.13/10g,,,False,,False,,1,False,https://www.tesco.com/groceries/en-GB/products/264932201,https://digitalcontent.api.tesco.com/v2/media/ghs/68114de0-6b2a-45c7-9f77-739f5659d5a8/e5bd7c79-bd4a-4824-8ef3-40b3e79d8874_348232320.jpeg?h=225&w=225,Food Cupboard,World Foods
289053385,Rajah Dhaniya Ground Coriander 400G,£2.75,£0.07/10g,,,False,,False,,2,False,https://www.tesco.com/groceries/en-GB/products/289053385,https://digitalcontent.api.tesco.com/v2/media/ghs/c55a6145-02a6-4fe0-843f-2d718ddb0418/d483765f-0864-4dac-8e58-812bf547a7c3_1890429872.jpeg?h=225&w=225,Food Cupboard,World Foods
289037480,Rajah Chilli Powder 400G,£2.75,£0.07/10g,,,False,,False,4.2,5,False,https://www.tesco.com/groceries/en-GB/products/289037480,https://digitalcontent.api.tesco.com/v2/media/ghs/b1ba49e6-9790-4e8d-b1fd-460e60364fb1/161a0b52-6608-443e-9117-e028ee0fcf28_1339416362.jpeg?h=225&w=225,Food Cupboard,World Foods
296869141,Yutaka Natural Sushi Ginger 120G,£2.30,£1.92/100g,,,False,,False,4.5,2,False,https://www.tesco.com/groceries/en-GB/products/296869141,https://digitalcontent.api.tesco.com/v2/media/ghs/c4db10c7-fe42-4639-b7da-0dc8c16e2a96/3453649b-8b72-4333-8cec-b0b198c85c85_1712081830.jpeg?h=225&w=225,Food Cupboard,World Foods
309480142,Yutaka Japanese Rice Vinegar 150Ml,£2.20,£1.47/100ml,,,False,,False,,,False,https://www.tesco.com/groceries/en-GB/products/309480142,https://digitalcontent.api.tesco.com/v2/media/ghs/bd011ba2-2ebf-4994-a676-30e3071cb675/1ef36792-7d61-48bd-8348-e6cd2cd765a6_2029655010.jpeg?h=225&w=225,Food Cupboard,World Foods
260666706,Royal Chai Masala Tea With Out Sugar 180G,£3.15,£1.75/100g,,,False,,False,3.7,3,False,https://www.tesco.com/groceries/en-GB/products/260666706,https://digitalcontent.api.tesco.com/v2/media/ghs/2d4778ad-665a-4090-9b5c-de4ff6bad362/d1697a78-8e9f-40f8-b846-8b7f40ab3be5_920365864.jpeg?h=225&w=225,Food Cupboard,World Foods
265496588,Tahira Hot & Spicy Beef & Chicken Sausages 500G,£2.75,£0.55/100g,,,False,,False,4.7,3,False,https://www.tesco.com/groceries/en-GB/products/265496588,https://digitalcontent.api.tesco.com/v2/media/ghs/2cee9f5c-2f3e-4475-927d-69798c79cc3e/78e0b682-ace6-456b-a48b-44811ea8ddd0_1807882133.jpeg?h=225&w=225,Food Cupboard,World Foods
308117748,Nutella Hazelnut & Chocolate Spread 630G,£4.99,£0.79/100g,,,False,,False,3.6,5,True,https://www.tesco.com/groceries/en-GB/products/308117748,https://digitalcontent.api.tesco.com/v2/media/ghs/68a8e287-7638-48a8-8e38-f66b5e826360/365668ac-0489-4217-adb6-58c1d1236ad9_843009631.jpeg?h=225&w=225,Food Cupboard,"Jams, Sweet & Savoury Spreads"
263914432,Nutella Hazelnut Chocolate Spread 350G,£3.65,£1.04/100g,,,False,,False,3.8,13,True,https://www.tesco.com/groceries/en-GB/products/263914432,https://digitalcontent.api.tesco.com/v2/media/ghs/ecba0bfd-018c-4d0c-a686-7d247b37e962/78476df5-8d14-460f-aa13-adfc017b45ad_275993352.jpeg?h=225&w=225,Food Cupboard,"Jams, Sweet & Savoury Spreads"
281928072,Lotus Biscoff Smooth Spread 400g,£3.20,£0.80/100g,,,False,,False,4.5,19,True,https://www.tesco.com/groceries/en-GB/products/281928072,https://digitalcontent.api.tesco.com/v2/media/ghs/7169f3ca-5e11-4a2c-a447-2017f25715fb/e4b69ae6-4cea-413f-9668-901779200d3c_1056546025.jpeg?h=225&w=225,Food Cupboard,"Jams, Sweet & Savoury Spreads"
271154996,Buckwud Organic Maple Syrup 250G,£6.20,£2.48/100g,,,False,,False,,,False,https://www.tesco.com/groceries/en-GB/products/271154996,https://digitalcontent.api.tesco.com/v2/media/ghs/b614b07a-15aa-484d-b6d4-eb5eec9d67b3/2d4e9cda-7117-4dc1-94d0-9da53d30086f_946235486.jpeg?h=225&w=225,Food Cupboard,"Jams, Sweet & Savoury Spreads"
254880858,Bovril Beef Extract 250G,£4.75,£1.90/100g,,,False,,False,4.4,52,False,https://www.tesco.com/groceries/en-GB/products/254880858,https://digitalcontent.api.tesco.com/v2/media/ghs/77d0b60f-5605-4313-a3af-1c4f263b598c/dc062b7d-4b9c-430e-a0f8-8c18b5dd6ffe_1575731476.jpeg?h=225&w=225,Food Cupboard,"Jams, Sweet & Savoury Spreads"
250782900,Bonne Maman Apricot Conserve 370G,£3.30,£0.89/100g,£2.60 Clubcard Price,(£0.70/100g),True,Offer valid for delivery from 16/04/2025 until 13/05/2025,False,4.4,12,False,https://www.tesco.com/groceries/en-GB/products/250782900,https://digitalcontent.api.tesco.com/v2/media/ghs/b4e14d05-a101-409c-84fc-ba55a3272f3c/10b55c88-c8ea-4ad8-b2de-053477759db6_1279482433.jpeg?h=225&w=225,Food Cupboard,"Jams, Sweet & Savoury Spreads"
250782952,Bonne Maman Strawberry Conserve 370G,£3.30,£0.89/100g,£2.60 Clubcard Price,(£0.70/100g),True,Offer valid for delivery from 16/04/2025 until 13/05/2025,False,4.2,25,False,https://www.tesco.com/groceries/en-GB/products/250782952,https://digitalcontent.api.tesco.com/v2/media/ghs/a665dfb3-35b4-416a-9966-434d153ed05a/c1e6f6ab-fc53-49e0-93b9-e68538e7f42e_1818134323.jpeg?h=225&w=225,Food Cupboard,"Jams, Sweet & Savoury Spreads"
251735881,Tesco Finest Strawberry Conserve 340G,£2.55,£0.75/100g,,,False,,False,3.9,46,False,https://www.tesco.com/groceries/en-GB/products/251735881,https://digitalcontent.api.tesco.com/v2/media/ghs/76fbffb0-2f0a-4fa2-a458-5ac660787781/267180b7-18f8-4c10-bc43-7c0c5fcc4c17_71016867.jpeg?h=225&w=225,Food Cupboard,"Jams, Sweet & Savoury Spreads"
255771108,Rowse Squeezy Clear Honey 340G,£3.00,£0.88/100g,£2.00 Save 1/3 Clubcard Price,(£0.59/100g),True,Offer valid for delivery from 16/04/2025 until 13/05/2025,False,3.5,10,False,https://www.tesco.com/groceries/en-GB/products/255771108,https://digitalcontent.api.tesco.com/v2/media/ghs/bd4e7c49-a922-4736-acdf-5b8049e5ff0b/44fee567-5b59-4b42-a63b-7b0c907fcd53_1772788758.jpeg?h=225&w=225,Food Cupboard,"Jams, Sweet & Savoury Spreads"
296981617,Rowse Honey Squeezy 680G,£4.00,£0.59/100g,£3.50 Clubcard Price,(£0.51/100g),True,Offer valid for delivery from 31/03/2025 until 21/04/2025,False,4.5,8,False,https://www.tesco.com/groceries/en-GB/products/296981617,https://digitalcontent.api.tesco.com/v2/media/ghs/edd1b666-b5fa-4e54-a3aa-ab12bdf8ef76/d22387cc-4dbc-4a77-a77b-3c4f2a803834_2094047587.jpeg?h=225&w=225,Food Cupboard,"Jams, Sweet & Savoury Spreads"
250782923,Bonne Maman Raspberry Conserve 370G,£3.30,£0.89/100g,£2.60 Clubcard Price,(£0.70/100g),True,Offer valid for delivery from 16/04/2025 until 13/05/2025,False,4.5,19,False,https://www.tesco.com/groceries/en-GB/products/250782923,https://digitalcontent.api.tesco.com/v2/media/ghs/1b124785-5360-48bc-8453-a2a461eb2960/ed6122f6-399f-491a-8de3-2397e8a6bb84_800219839.jpeg?h=225&w=225,Food Cupboard,"Jams, Sweet & Savoury Spreads"
251433489,Cadbury Smooth Chocolate Spread 400G,£3.00,£0.75/100g,,,False,,False,3.2,5,False,https://www.tesco.com/groceries/en-GB/products/251433489,https://digitalcontent.api.tesco.com/v2/media/ghs/b279ee78-9f9a-4bb7-8ff1-a1e828d3e055/50f609c5-086e-45d0-a6e7-7c7bd2413805_918714709.jpeg?h=225&w=225,Food Cupboard,"Jams, Sweet & Savoury Spreads"
255571203,Frank Coopers Fine Cut Oxford Marmalade 454G,,,£2.50 Clubcard Price,(£0.55/100g),True,Offer valid for delivery from 31/03/2025 until 21/04/2025,False,3.8,22,False,https://www.tesco.com/groceries/en-GB/products/255571203,https://digitalcontent.api.tesco.com/v2/media/ghs/66d3ffe7-c065-4fe3-9a5b-6bc7311deaec/54c971c7-5a53-47c4-9281-927a1363ac97_2120070738.jpeg?h=225&w=225,Food Cupboard,"Jams, Sweet & Savoury Spreads"
308459988,Le Vieja Fabrica Fine Cut Seville Orange Marmalade 365G,£2.15,£0.59/100g,£1.70 Clubcard Price,(£0.47/100g),True,Offer valid for delivery from 16/04/2025 until 13/05/2025,False,4.2,37,False,https://www.tesco.com/groceries/en-GB/products/308459988,https://digitalcontent.api.tesco.com/v2/media/ghs/eb3ac78b-3641-46ff-b292-aa89f32e0f0d/9d0a0cf8-0ae6-4f5d-984d-4929a932f018_1916949540.jpeg?h=225&w=225,Food Cupboard,"Jams, Sweet & Savoury Spreads"
251736868,Tesco Finest Dark Seville Orange Marmalade 340G,£1.80,£0.53/100g,,,False,,False,4.3,136,False,https://www.tesco.com/groceries/en-GB/products/251736868,https://digitalcontent.api.tesco.com/v2/media/ghs/5792b203-64a6-4c54-8d39-a3fe4fd4a4f7/5b7eb6b7-1ac0-463d-ac19-815f49975aec_1875146739.jpeg?h=225&w=225,Food Cupboard,"Jams, Sweet & Savoury Spreads"
301252805,Hilltop Squeezy Blossom Honey 340G,£2.60,£0.76/100g,,,False,,False,4.3,23,False,https://www.tesco.com/groceries/en-GB/products/301252805,https://digitalcontent.api.tesco.com/v2/media/ghs/0c3cb78d-8b49-4171-9322-7c71fdbceb4b/46a9b6cc-d076-4cbc-bc24-582ac7b5b001_309201577.jpeg?h=225&w=225,Food Cupboard,"Jams, Sweet & Savoury Spreads"
251736033,Tesco Finest Raspberry Conserve 340G,£2.55,£0.75/100g,,,False,,False,4.1,48,False,https://www.tesco.com/groceries/en-GB/products/251736033,https://digitalcontent.api.tesco.com/v2/media/ghs/43af73f6-15fa-44b3-8c0c-7d62681ef6ff/2d0fab16-1cc2-4a29-b939-c31647db227f_608736868.jpeg?h=225&w=225,Food Cupboard,"Jams, Sweet & Savoury Spreads"
254880962,Marmite Yeast Extract Spread 125G,£2.00,£1.60/100g,,,False,,False,4.1,150,False,https://www.tesco.com/groceries/en-GB/products/254880962,https://digitalcontent.api.tesco.com/v2/media/ghs/ea3a2a57-31b5-4bc9-bafe-e5a1abcddc8e/cd862cfe-8754-439a-a14d-47dcc85e7a39_2056460287.jpeg?h=225&w=225,Food Cupboard,"Jams, Sweet & Savoury Spreads"
256023385,Robertsons Golden Shredless Marmalade 454G,£1.90,£0.42/100g,,,False,,False,3.6,9,False,https://www.tesco.com/groceries/en-GB/products/256023385,https://digitalcontent.api.tesco.com/v2/media/ghs/8d7ffd69-c174-4260-af7e-24ef24b054aa/9b13e75f-7518-46dc-ad1b-1925a818845b_1248680580.jpeg?h=225&w=225,Food Cupboard,"Jams, Sweet & Savoury Spreads"
261843674,Mackays Scottish Strawberry Preserve 340G,£2.30,£0.68/100g,,,False,,False,4.2,13,False,https://www.tesco.com/groceries/en-GB/products/261843674,https://digitalcontent.api.tesco.com/v2/media/ghs/edd5e861-f266-4a45-9179-0b4bb52a6e45/d5f07817-c66c-4306-90cf-cdcd8d08003f_1166699718.jpeg?h=225&w=225,Food Cupboard,"Jams, Sweet & Savoury Spreads"
254880991,Marmite Yeast Extract Spread 250G,£3.00,£1.20/100g,,,False,,False,4.2,164,False,https://www.tesco.com/groceries/en-GB/products/254880991,https://digitalcontent.api.tesco.com/v2/media/ghs/49fe266a-77a3-4ca3-a4fe-afd49c70b66b/77d07260-2649-4eee-b6e3-33acd8e04f72_494542834.jpeg?h=225&w=225,Food Cupboard,"Jams, Sweet & Savoury Spreads"
251170920,Tesco Chocolate Spread 400G,£1.69,£0.42/100g,,,False,,False,3.5,36,False,https://www.tesco.com/groceries/en-GB/products/251170920,https://digitalcontent.api.tesco.com/v2/media/ghs/9c6ae824-1c6e-42f0-9151-367ef818afd3/a1513c1d-e58c-403e-b749-dcbe0195c22d_1140679883.jpeg?h=225&w=225,Food Cupboard,"Jams, Sweet & Savoury Spreads"
304796485,Lyle's Golden Syrup 700G,£2.40,£0.34/100g,£2.00 Clubcard Price,(£0.29/100g),True,Offer valid for delivery from 02/04/2025 until 22/04/2025,False,3.4,10,False,https://www.tesco.com/groceries/en-GB/products/304796485,https://digitalcontent.api.tesco.com/v2/media/ghs/eb37c29d-0568-47c2-b109-109a1c494fd5/3d4e85aa-d060-42f5-9145-80563a441733_722416607.jpeg?h=225&w=225,Food Cupboard,"Jams, Sweet & Savoury Spreads"
282337775,Hartleys Best Strawberry Seedless Jam 340G,£1.70,£0.50/100g,,,False,,False,3.3,11,False,https://www.tesco.com/groceries/en-GB/products/282337775,https://digitalcontent.api.tesco.com/v2/media/ghs/c714b5f5-7866-4a86-a7a8-107e96b07e5a/9a6338d5-322b-4def-bada-d9f27713ad69_656858513.jpeg?h=225&w=225,Food Cupboard,"Jams, Sweet & Savoury Spreads"
303668040,Tesco Golden Syrup 680G,£1.65,£0.24/100g,,,False,,False,4.3,58,False,https://www.tesco.com/groceries/en-GB/products/303668040,https://digitalcontent.api.tesco.com/v2/media/ghs/ee825c78-c227-4cb8-8340-a27d853469c9/c1b862af-7e4f-4f02-ac7e-f98e84d70808_1970919935.jpeg?h=225&w=225,Food Cupboard,"Jams, Sweet & Savoury Spreads"
276976038,Tesco Yeast Extract 225G,£2.35,£1.04/100g,,,False,,False,4.3,121,False,https://www.tesco.com/groceries/en-GB/products/276976038,https://digitalcontent.api.tesco.com/v2/media/ghs/aecb20e4-c03e-475f-9e1b-2bb3aea78af0/2b3764ee-971a-4f4e-9695-80f06e15dc06_545938623.jpeg?h=225&w=225,Food Cupboard,"Jams, Sweet & Savoury Spreads"
264868398,Tesco Hazelnut Chocolate Spread 400G,£1.69,£0.42/100g,,,False,,False,4.4,41,False,https://www.tesco.com/groceries/en-GB/products/264868398,https://digitalcontent.api.tesco.com/v2/media/ghs/9693b990-c71a-4cee-a40b-4c6f4898cb9c/1ecc1f89-4f27-4c7d-bbdb-e0d103695d22_539528600.jpeg?h=225&w=225,Food Cupboard,"Jams, Sweet & Savoury Spreads"
253736836,Hartley's Seedless Raspberry Jam 340g,£1.70,£0.50/100g,,,False,,False,3.9,8,False,https://www.tesco.com/groceries/en-GB/products/253736836,https://digitalcontent.api.tesco.com/v2/media/ghs/e9b5853f-cca5-42a1-aaea-93ec9d02298e/a8b39438-a124-475a-8b63-5c0a585cda49_730207158.jpeg?h=225&w=225,Food Cupboard,"Jams, Sweet & Savoury Spreads"
293639332,Nutella & Go! Hazelnut Chocolate Spread and Breadsticks Snack Pot Multipack 2 x 48g,£2.05,£2.14/100g,,,False,,False,4.6,7,False,https://www.tesco.com/groceries/en-GB/products/293639332,https://digitalcontent.api.tesco.com/v2/media/ghs/ab3958ad-5bf2-4873-9305-35ae771d2512/0e1d177c-462c-4923-b703-c8baa44f0e07_1642628326.jpeg?h=225&w=225,Food Cupboard,"Jams, Sweet & Savoury Spreads"
254850946,Tesco Set Honey 454G,£1.75,£0.38/100g,,,False,,False,4.3,63,False,https://www.tesco.com/groceries/en-GB/products/254850946,https://digitalcontent.api.tesco.com/v2/media/ghs/5aeb0fb0-6982-4756-b718-16c6662b0e7a/83bdaee4-96ad-48fa-9730-9f6c3d36cd59_1226288146.jpeg?h=225&w=225,Food Cupboard,"Jams, Sweet & Savoury Spreads"
254850860,Tesco Clear Honey 454G,£1.75,£0.38/100g,,,False,,False,3.3,55,False,https://www.tesco.com/groceries/en-GB/products/254850860,https://digitalcontent.api.tesco.com/v2/media/ghs/66aa78d1-01d1-4015-bbf9-f5183a0851ec/4ea9d7a5-fc94-4d5a-a4d0-968f63f3ec7c_1683719434.jpeg?h=225&w=225,Food Cupboard,"Jams, Sweet & Savoury Spreads"
254850330,Tesco Fine Cut Orange Marmalade 454G,£0.80,£0.18/100g,,,False,,False,3.9,81,False,https://www.tesco.com/groceries/en-GB/products/254850330,https://digitalcontent.api.tesco.com/v2/media/ghs/22fc43d3-c59b-4960-9280-b83e92665b29/38c692fd-a274-4337-a873-11cfc66fe50f_58635301.jpeg?h=225&w=225,Food Cupboard,"Jams, Sweet & Savoury Spreads"
264604694,Tesco Crunchy Peanut Butter 700G,£2.25,£0.32/100g,,,False,,False,3.3,48,False,https://www.tesco.com/groceries/en-GB/products/264604694,https://digitalcontent.api.tesco.com/v2/media/ghs/bc2a903b-3761-4ac2-a09c-bf532660e00b/cf8a2fe3-2e96-4d7a-a92d-021bc4d8cec9_1198331422.jpeg?h=225&w=225,Food Cupboard,"Jams, Sweet & Savoury Spreads"
264604671,Tesco Smooth Peanut Butter 700G,£2.25,£0.32/100g,,,False,,False,,45,False,https://www.tesco.com/groceries/en-GB/products/264604671,https://digitalcontent.api.tesco.com/v2/media/ghs/70ffaed0-71e4-4255-b2bc-a1b9d1c091c7/119abb0d-9849-452f-bc2d-46640733e9c1_1441648949.jpeg?h=225&w=225,Food Cupboard,"Jams, Sweet & Savoury Spreads"
274088885,Tesco Squeezy Clear Honey 340G,£1.19,£0.35/100g,,,False,,False,,86,False,https://www.tesco.com/groceries/en-GB/products/274088885,https://digitalcontent.api.tesco.com/v2/media/ghs/abea77a2-9726-4c54-9efd-5004614916b2/770ba957-efd8-4d51-8e78-6d79cd553465_46976741.jpeg?h=225&w=225,Food Cupboard,"Jams, Sweet & Savoury Spreads"
254851398,Tesco Lemon Curd 411G,£1.15,£0.28/100g,,,False,,False,2.2,85,False,https://www.tesco.com/groceries/en-GB/products/254851398,https://digitalcontent.api.tesco.com/v2/media/ghs/98601dad-8c95-40b6-9937-d581539262a7/a6274a82-7d85-43d1-baa7-28cf4ffb842d_261553125.jpeg?h=225&w=225,Food Cupboard,"Jams, Sweet & Savoury Spreads"
264769626,Tesco Smooth Peanut Butter 340G,£1.10,£0.32/100g,,,False,,False,3.1,57,False,https://www.tesco.com/groceries/en-GB/products/264769626,https://digitalcontent.api.tesco.com/v2/media/ghs/da21b897-6b79-4c99-9bd8-bb64d36a27dd/000dbb03-495b-4672-9c1d-e492743afcb8_144395252.jpeg?h=225&w=225,Food Cupboard,"Jams, Sweet & Savoury Spreads"
264769567,Tesco Crunchy Peanut Butter 340G,£1.10,£0.32/100g,,,False,,False,3.7,34,False,https://www.tesco.com/groceries/en-GB/products/264769567,https://digitalcontent.api.tesco.com/v2/media/ghs/ae28b7e4-c62e-45e8-8fd4-54a8fe8acc0b/19fbb930-9bed-4097-b8ef-4bc0ef9abece_1543965127.jpeg?h=225&w=225,Food Cupboard,"Jams, Sweet & Savoury Spreads"
300388214,Stockwell & Co Crunchy Peanut Butter 340G,£0.99,£0.29/100g,,,False,,False,3.2,76,False,https://www.tesco.com/groceries/en-GB/products/300388214,https://digitalcontent.api.tesco.com/v2/media/ghs/9c1233f4-a414-483a-a418-7c61671d9243/a416fbc4-9799-45ac-94af-9f3f92e28407_1356447750.jpeg?h=225&w=225,Food Cupboard,"Jams, Sweet & Savoury Spreads"
254849603,Tesco Strawberry Jam 454G,£0.89,£0.20/100g,,,False,,False,3.8,57,False,https://www.tesco.com/groceries/en-GB/products/254849603,https://digitalcontent.api.tesco.com/v2/media/ghs/eb5af4ee-b018-43a2-829a-cb35804fd3ee/286b4cb4-1a7b-4d88-b25c-8d9a281d7f60_1457821782.jpeg?h=225&w=225,Food Cupboard,"Jams, Sweet & Savoury Spreads"
299600086,Stockwell & Co Strawberry Jam 454G,£0.45,£0.10/100g,,,False,,False,4.1,87,False,https://www.tesco.com/groceries/en-GB/products/299600086,https://digitalcontent.api.tesco.com/v2/media/ghs/45b08641-f073-4166-b7ad-807c9fc28488/c813ac2e-6eb8-4bce-bf08-4086cac306e3_847932732.jpeg?h=225&w=225,Food Cupboard,"Jams, Sweet & Savoury Spreads"
301323296,Tesco Seedless Strawberry Jam 454g,£0.89,£0.20/100g,,,False,,False,4.5,140,False,https://www.tesco.com/groceries/en-GB/products/301323296,https://digitalcontent.api.tesco.com/v2/media/ghs/a240f68a-c7c8-4d62-9c08-a931cdb32bc7/a2259b2b-84e2-45af-be21-9dc80fecb3de_1317334704.jpeg?h=225&w=225,Food Cupboard,"Jams, Sweet & Savoury Spreads"
300257829,Stockwell & Co Honey 340G,£0.79,£0.23/100g,,,False,,False,3.1,60,False,https://www.tesco.com/groceries/en-GB/products/300257829,https://digitalcontent.api.tesco.com/v2/media/ghs/e09d7a15-8c9f-4f50-8221-5e5d0dcad2b3/d5a89b19-aad3-440e-9519-a33cd3e81f32_1711638494.jpeg?h=225&w=225,Food Cupboard,"Jams, Sweet & Savoury Spreads"
254849534,Tesco Seedless Raspberry Jam 454G,£0.89,£0.20/100g,,,False,,False,4.6,79,False,https://www.tesco.com/groceries/en-GB/products/254849534,https://digitalcontent.api.tesco.com/v2/media/ghs/465d0da2-18b0-43b8-b1c2-ed26b47ab033/699d760f-6989-4466-93ab-ffed7e74ee6b_1288975614.jpeg?h=225&w=225,Food Cupboard,"Jams, Sweet & Savoury Spreads"
301638252,Meridian Smooth Peanut Butter 1Kg,£7.00,£0.70/100g,£5.50 Clubcard Price,(£0.55/100g),True,Offer valid for delivery from 16/04/2025 until 13/05/2025,False,3.7,36,False,https://www.tesco.com/groceries/en-GB/products/301638252,https://digitalcontent.api.tesco.com/v2/media/ghs/43e5747b-9b78-46c9-81e9-c2472be09ce7/6f552abd-e052-412f-8fc4-4cd50ec19a49_88473498.jpeg?h=225&w=225,Food Cupboard,"Jams, Sweet & Savoury Spreads"
301510512,Meridian Crunchy Peanut Butter 1Kg,£7.00,£0.70/100g,£5.50 Clubcard Price,(£0.55/100g),True,Offer valid for delivery from 16/04/2025 until 13/05/2025,False,4.2,41,False,https://www.tesco.com/groceries/en-GB/products/301510512,https://digitalcontent.api.tesco.com/v2/media/ghs/c3fced28-673b-49cd-af7a-88dd2c88ac8e/45993817-5cb2-4c2f-852a-0716b174af6f_263254642.jpeg?h=225&w=225,Food Cupboard,"Jams, Sweet & Savoury Spreads"
263926798,Whole Earth Crunchy Peanut Butter 454G,£4.50,£0.99/100g,£3.00 Save 1/3 Clubcard Price,(£0.66/100g),True,Offer valid for delivery from 16/04/2025 until 13/05/2025,False,4.4,71,False,https://www.tesco.com/groceries/en-GB/products/263926798,https://digitalcontent.api.tesco.com/v2/media/ghs/801e1139-f48c-4802-bb42-2aba1069d41c/1c99e40c-6fa7-4612-8699-501f0159f18c_1845982081.jpeg?h=225&w=225,Food Cupboard,"Jams, Sweet & Savoury Spreads"
259312666,Whole Earth Smooth Peanut Butter 454G,£4.50,£0.99/100g,£3.00 Save 1/3 Clubcard Price,(£0.66/100g),True,Offer valid for delivery from 16/04/2025 until 13/05/2025,False,4.3,68,False,https://www.tesco.com/groceries/en-GB/products/259312666,https://digitalcontent.api.tesco.com/v2/media/ghs/e3f3fdf2-de08-493f-9a71-6cdfd929791a/7868b741-5e7e-4b6a-9f06-ca8ddfdb37d7_560848265.jpeg?h=225&w=225,Food Cupboard,"Jams, Sweet & Savoury Spreads"
302321469,Hilltop Manuka Honey Mgo 50 225G,£5.30,£2.36/100g,,,False,,False,4.4,16,False,https://www.tesco.com/groceries/en-GB/products/302321469,https://digitalcontent.api.tesco.com/v2/media/ghs/e514104c-0f98-40e0-93fd-fc1f0bf01128/fc236024-8bc9-4181-96c0-9bae0e487933_1128896046.jpeg?h=225&w=225,Food Cupboard,"Jams, Sweet & Savoury Spreads"
252780755,Bonne Maman Orange Fine Shred Marmalade 370G,£3.50,£0.95/100g,,,False,,False,4.2,49,False,https://www.tesco.com/groceries/en-GB/products/252780755,https://digitalcontent.api.tesco.com/v2/media/ghs/d07923b3-cff1-4a52-ad9c-86fffa95f075/05172fec-a04d-46d4-b853-5203e64cd582_167266665.jpeg?h=225&w=225,Food Cupboard,"Jams, Sweet & Savoury Spreads"
284847963,Meridian Peanut Butter Crunchy 100% Nuts 280G,£2.80,£1.00/100g,,,False,,False,,62,False,https://www.tesco.com/groceries/en-GB/products/284847963,https://digitalcontent.api.tesco.com/v2/media/ghs/07b73c32-dc44-4a35-bf66-2cddaed93c58/beb5cd8f-cf83-4783-a826-a94f469921f5_1432813849.jpeg?h=225&w=225,Food Cupboard,"Jams, Sweet & Savoury Spreads"
284847836,Meridian Smooth Peanut Butter 100% Nuts 280g,£2.80,£1.00/100g,,,False,,False,4.2,49,False,https://www.tesco.com/groceries/en-GB/products/284847836,https://digitalcontent.api.tesco.com/v2/media/ghs/60b40b03-c098-47ea-9fc8-780d50fd0585/200d97e8-1636-4ae4-aee7-76aa857a0762_2139779269.jpeg?h=225&w=225,Food Cupboard,"Jams, Sweet & Savoury Spreads"
267259256,Rowse Squeezy Light & Mild Honey 340G,£3.00,£0.88/100g,£2.00 Save 1/3 Clubcard Price,(£0.59/100g),True,Offer valid for delivery from 16/04/2025 until 13/05/2025,False,4.2,4,False,https://www.tesco.com/groceries/en-GB/products/267259256,https://digitalcontent.api.tesco.com/v2/media/ghs/31575e44-223f-4ea3-b3c7-b21cc25ee274/262c3508-8e58-4180-b0cc-0d1b2a0af1fa_471775599.jpeg?h=225&w=225,Food Cupboard,"Jams, Sweet & Savoury Spreads"
251736275,Tesco Finest Blackcurrant Conserve 340G,£2.55,£0.75/100g,,,False,,False,4.6,72,False,https://www.tesco.com/groceries/en-GB/products/251736275,https://digitalcontent.api.tesco.com/v2/media/ghs/4c9b35f6-1703-49f6-8068-78992b7cd337/54f4eca1-d326-4304-ad04-9fa8ce0a7b5f_884698028.jpeg?h=225&w=225,Food Cupboard,"Jams, Sweet & Savoury Spreads"
267234389,Rowse Organic Squeezy Honey 340g,£3.85,£1.13/100g,,,False,,False,4.1,7,False,https://www.tesco.com/groceries/en-GB/products/267234389,https://digitalcontent.api.tesco.com/v2/media/ghs/353a832b-c9f2-4b0d-b8fe-e65e7e22a669/6d49774e-9efc-4c89-9124-932ccb9ef701_1198554603.jpeg?h=225&w=225,Food Cupboard,"Jams, Sweet & Savoury Spreads"
260508267,Bonne Maman Black Cherry Conserve 370G,£3.60,£0.97/100g,,,False,,False,4.4,45,False,https://www.tesco.com/groceries/en-GB/products/260508267,https://digitalcontent.api.tesco.com/v2/media/ghs/3ee943da-123b-4b38-afb8-1be429bbf82d/dfb18c34-c8f1-4f45-9d9a-e98fdef820f5_1974518573.jpeg?h=225&w=225,Food Cupboard,"Jams, Sweet & Savoury Spreads"
303879769,Bonne Maman Intense Apricot Jam 335G,£3.80,£1.13/100g,£3.00 Clubcard Price,(£0.90/100g),True,Offer valid for delivery from 16/04/2025 until 13/05/2025,False,4.4,7,False,https://www.tesco.com/groceries/en-GB/products/303879769,https://digitalcontent.api.tesco.com/v2/media/ghs/10efa43b-5e14-410b-bdf5-08bb235c37ae/cafbd2ee-5469-4e54-9dd9-476ea67a4f88_1877392142.jpeg?h=225&w=225,Food Cupboard,"Jams, Sweet & Savoury Spreads"
251736217,Tesco Finest Apricot Conserve 340G,£2.55,£0.75/100g,,,False,,False,4.3,66,False,https://www.tesco.com/groceries/en-GB/products/251736217,https://digitalcontent.api.tesco.com/v2/media/ghs/597ecdcb-78c5-4c36-a9f6-6d78c752974a/4c907720-433d-45a0-b7a7-eb04986bd499_1404207925.jpeg?h=225&w=225,Food Cupboard,"Jams, Sweet & Savoury Spreads"
281928141,Lotus Biscoff Crunchy Spread 380g,£3.20,£0.84/100g,,,False,,False,3.7,3,False,https://www.tesco.com/groceries/en-GB/products/281928141,https://digitalcontent.api.tesco.com/v2/media/ghs/0773539c-a1fd-45d2-94c6-e6904ee23b84/6c50839b-1464-4863-8402-e84a235dde62_2102160833.jpeg?h=225&w=225,Food Cupboard,"Jams, Sweet & Savoury Spreads"
274193005,Rowse Set Honey 340G,£3.00,£0.88/100g,,,False,,False,4.4,12,False,https://www.tesco.com/groceries/en-GB/products/274193005,https://digitalcontent.api.tesco.com/v2/media/ghs/20057d66-bb81-4516-921e-ce09de6139c5/259b8354-547a-4713-9590-33c5942e99d6_1892634531.jpeg?h=225&w=225,Food Cupboard,"Jams, Sweet & Savoury Spreads"
309452239,Pip & Nut Smooth Almond Butter 170G,£3.40,£2.00/100g,,,False,,False,4.1,37,False,https://www.tesco.com/groceries/en-GB/products/309452239,https://digitalcontent.api.tesco.com/v2/media/ghs/6fe13ec5-17d9-46ed-bd1b-d7d4870d5a93/b53d43c1-d6bd-47e9-9a40-d6a9673bae7d_1498602012.jpeg?h=225&w=225,Food Cupboard,"Jams, Sweet & Savoury Spreads"
282060773,Groovy Food Agave Light And Mild 250Ml,£2.85,£11.40/litre,,,False,,False,,9,False,https://www.tesco.com/groceries/en-GB/products/282060773,https://digitalcontent.api.tesco.com/v2/media/ghs/d2a9f5c5-94b8-4b72-8799-b0973d9e26bf/0c6bef55-cf1d-46dc-8eda-da6f09e94ddd_1817283708.jpeg?h=225&w=225,Food Cupboard,"Jams, Sweet & Savoury Spreads"
282121068,Streamline Reduced Sugar Thick Cut Orange Marmalde 340G,£2.00,£0.59/100g,,,False,,False,3.4,26,False,https://www.tesco.com/groceries/en-GB/products/282121068,https://digitalcontent.api.tesco.com/v2/media/ghs/a84cd709-a697-4b40-89d5-333c8a451545/ec501595-3d65-44b0-81ad-007afd9e0b32_2069936809.jpeg?h=225&w=225,Food Cupboard,"Jams, Sweet & Savoury Spreads"
293378444,Nature's Store Gluten Free Chocolate Spread 350G,£2.50,£0.71/100g,,,False,,False,4.3,32,False,https://www.tesco.com/groceries/en-GB/products/293378444,https://digitalcontent.api.tesco.com/v2/media/ghs/d15e1880-4f6e-4777-96a7-9be730221056/5238f0f7-cd1b-4083-8f04-f257d17a0de3_153081689.jpeg?h=225&w=225,Food Cupboard,"Jams, Sweet & Savoury Spreads"
307157609,Nuts About Nature Peanut Butter Smooth 340G,£2.35,£0.69/100g,,,False,,False,4.2,118,False,https://www.tesco.com/groceries/en-GB/products/307157609,https://digitalcontent.api.tesco.com/v2/media/ghs/05f001e5-7f79-4460-987f-7c4ed484f121/39e8cddc-d0ec-4b71-a12a-c572b1f89ef0_1716447034.jpeg?h=225&w=225,Food Cupboard,"Jams, Sweet & Savoury Spreads"
307136548,Nuts About Nature Peanut Butter Crunchy 340G,£2.35,£0.69/100g,,,False,,False,,90,False,https://www.tesco.com/groceries/en-GB/products/307136548,https://digitalcontent.api.tesco.com/v2/media/ghs/c0ada8e2-b418-4d6c-b34f-91a52f484865/87d22230-bd8c-41de-9d33-b28943753be5_371569144.jpeg?h=225&w=225,Food Cupboard,"Jams, Sweet & Savoury Spreads"
263013594,Whole Earth Crunchy Organic Peanut Butter 340g,£3.60,£1.06/100g,,,False,,False,4.4,100,False,https://www.tesco.com/groceries/en-GB/products/263013594,https://digitalcontent.api.tesco.com/v2/media/ghs/85cd26fe-fb21-4f01-b688-1cb03d5e85da/89cdaa6f-811a-4f10-b9d8-d7dcf924eb9c_2119191521.jpeg?h=225&w=225,Food Cupboard,"Jams, Sweet & Savoury Spreads"
263013605,Whole Earth Smooth Organic Peanut Butter 340g,£3.60,£1.06/100g,,,False,,False,4.5,108,False,https://www.tesco.com/groceries/en-GB/products/263013605,https://digitalcontent.api.tesco.com/v2/media/ghs/aaf0d122-cca8-4a78-879a-aba8d6e74178/dc24d3d7-b399-4e56-ae2c-72ef5c9f58c1_349403710.jpeg?h=225&w=225,Food Cupboard,"Jams, Sweet & Savoury Spreads"
261148996,Mackays Rhubarb & Ginger Preserve 340G,£2.30,£0.68/100g,,,False,,False,3.7,23,False,https://www.tesco.com/groceries/en-GB/products/261148996,https://digitalcontent.api.tesco.com/v2/media/ghs/67c3a74b-860c-486c-8a8e-3e93cb9971d9/d9582a38-5a52-45de-bb63-778231b3e58d_417682548.jpeg?h=225&w=225,Food Cupboard,"Jams, Sweet & Savoury Spreads"
254850543,Rose's Fine Cut Marmalade - Lemon & Lime 454g,£2.00,£0.44/100g,,,False,,False,4.2,14,False,https://www.tesco.com/groceries/en-GB/products/254850543,https://digitalcontent.api.tesco.com/v2/media/ghs/3926bbee-e184-40c9-a486-d06db63079ef/c9c32abd-bc0c-45fc-ae50-1c3352a14d37_123881210.jpeg?h=225&w=225,Food Cupboard,"Jams, Sweet & Savoury Spreads"
267651534,Mackays Seedless Bramble Preserve 340G (L),£2.30,£0.68/100g,,,False,,False,4.2,18,False,https://www.tesco.com/groceries/en-GB/products/267651534,https://digitalcontent.api.tesco.com/v2/media/ghs/b322e780-9fcc-42d1-9941-53edd2395828/fc86f70d-a58e-4760-bfc8-ca711e5f797c_1135920437.jpeg?h=225&w=225,Food Cupboard,"Jams, Sweet & Savoury Spreads"
251262322,Mackays Natural Fruit Seville Orange Marmalade 340G,£2.00,£0.59/100g,,,False,,False,3.7,17,False,https://www.tesco.com/groceries/en-GB/products/251262322,https://digitalcontent.api.tesco.com/v2/media/ghs/476c1bdd-e2ac-4454-a046-4da270f86d2c/16ceb5a3-24db-4ac6-a8df-df0548a22794_1168489192.jpeg?h=225&w=225,Food Cupboard,"Jams, Sweet & Savoury Spreads"
251155046,Mackays Vintage Orange Marmalade 340G,£2.00,£0.59/100g,,,False,,False,4.5,22,False,https://www.tesco.com/groceries/en-GB/products/251155046,https://digitalcontent.api.tesco.com/v2/media/ghs/4ff2ad84-b3c9-4970-b56c-55e73f5f2436/ce7ebb2e-a2df-4398-bda9-8e968ed82c68_1002946712.jpeg?h=225&w=225,Food Cupboard,"Jams, Sweet & Savoury Spreads"
253415519,Hartley's Strawberry Jam 340g,£1.70,£0.50/100g,,,False,,False,2.1,8,False,https://www.tesco.com/groceries/en-GB/products/253415519,https://digitalcontent.api.tesco.com/v2/media/ghs/1f929e3b-7e2c-476e-b9aa-e29170b6281a/06b7805e-5a18-458e-b490-d5c1e5a482ad_795187897.jpeg?h=225&w=225,Food Cupboard,"Jams, Sweet & Savoury Spreads"
266364426,Tesco Finest Zesty Lemon Curd 320G,£2.15,£0.67/100g,,,False,,False,4.3,69,False,https://www.tesco.com/groceries/en-GB/products/266364426,https://digitalcontent.api.tesco.com/v2/media/ghs/fe3812f4-3596-45d7-98e6-740bfed82cd7/2e5beddd-1dda-4070-b001-02943b775faf_1427744666.jpeg?h=225&w=225,Food Cupboard,"Jams, Sweet & Savoury Spreads"
254850658,Robertsons Golden Shred Marmalade 454G,£1.90,£0.42/100g,,,False,,False,3.7,11,False,https://www.tesco.com/groceries/en-GB/products/254850658,https://digitalcontent.api.tesco.com/v2/media/ghs/1bea091d-8823-4ed8-9737-d97d4b42522d/e944ac21-884c-4908-9e43-1bf3cc3237e9_717411156.jpeg?h=225&w=225,Food Cupboard,"Jams, Sweet & Savoury Spreads"
263013202,Vegemite Yeast Extract 220G,£2.20,£1.00/100g,,,False,,False,3.7,36,False,https://www.tesco.com/groceries/en-GB/products/263013202,https://digitalcontent.api.tesco.com/v2/media/ghs/fb4e4538-c6e9-4e96-85f3-e95923e229cc/b89301cc-9aa1-4270-b6fe-f33701e2c763_1510262164.jpeg?h=225&w=225,Food Cupboard,"Jams, Sweet & Savoury Spreads"
301391909,Marmite Reduced Salt Yeast Extract Spread 250G,£3.00,£1.20/100g,,,False,,False,3.8,36,False,https://www.tesco.com/groceries/en-GB/products/301391909,https://digitalcontent.api.tesco.com/v2/media/ghs/bb936ef0-dc80-4b50-9897-67f9e196e059/9bce10ba-6140-4975-a73d-2afa09ab038c_1293471181.jpeg?h=225&w=225,Food Cupboard,"Jams, Sweet & Savoury Spreads"
282487470,Streamline Reduced Sugar Strawberry Jam 340G,£1.70,£0.50/100g,,,False,,False,3.8,24,False,https://www.tesco.com/groceries/en-GB/products/282487470,https://digitalcontent.api.tesco.com/v2/media/ghs/74c4ad70-b260-46b1-8b4d-5b3e4d3a4ead/701c26aa-40fc-487c-ac30-4dc13e35775d_1317546250.jpeg?h=225&w=225,Food Cupboard,"Jams, Sweet & Savoury Spreads"
292270470,Heinz Sandwich Spread 300G,£1.70,£0.57/100g,,,False,,False,3.7,26,False,https://www.tesco.com/groceries/en-GB/products/292270470,https://digitalcontent.api.tesco.com/v2/media/ghs/8f049395-67e0-414f-8ce0-c68ddbbcd06f/fb519af4-2e40-4ae7-aab1-2567b0e67f78_1053509458.jpeg?h=225&w=225,Food Cupboard,"Jams, Sweet & Savoury Spreads"
254851421,Lyles Golden Syrup 454G,£1.75,£0.38/100g,£1.40 Clubcard Price,(£0.31/100g),True,Offer valid for delivery from 02/04/2025 until 22/04/2025,False,4.4,15,False,https://www.tesco.com/groceries/en-GB/products/254851421,https://digitalcontent.api.tesco.com/v2/media/ghs/3db368ef-ab6e-479e-bf7f-4e7d80e5186a/5b260450-3249-4bdf-8e05-fd0c786aeafe_810436033.jpeg?h=225&w=225,Food Cupboard,"Jams, Sweet & Savoury Spreads"
300388197,Stockwell & Co Orange Marmalade 454G,£0.75,£0.16/100g,,,False,,False,4.1,61,False,https://www.tesco.com/groceries/en-GB/products/300388197,https://digitalcontent.api.tesco.com/v2/media/ghs/1733f50b-c5fc-47f1-b05e-4c620517dce3/3cec3494-ac95-41fd-8e42-e1d30181a22a_683950089.jpeg?h=225&w=225,Food Cupboard,"Jams, Sweet & Savoury Spreads"
305431893,Rowse Authentic Manuka New Zealand Honey 250+ Mgo 225G,£14.50,£6.44/100g,,,False,,False,,,False,https://www.tesco.com/groceries/en-GB/products/305431893,https://digitalcontent.api.tesco.com/v2/media/ghs/6c703c77-c807-4953-b23b-8e1c2bb8ef69/dd13ed15-32d4-492a-909e-b43ecb762d1c_294212286.jpeg?h=225&w=225,Food Cupboard,"Jams, Sweet & Savoury Spreads"
313010319,Tesco Finest Grade A Amber Maple Syrup 330G,£6.00,£1.82/100g,,,False,,False,,,False,https://www.tesco.com/groceries/en-GB/products/313010319,https://digitalcontent.api.tesco.com/v2/media/ghs/903b9fe7-1ee1-4ea4-89c3-877d1efd8c53/d262a46c-ea21-4152-9d86-a1ef65eb721d_1165371647.jpeg?h=225&w=225,Food Cupboard,"Jams, Sweet & Savoury Spreads"
313162571,Tesco Finest Grade A Dark Maple Syrup 330G,£6.00,£1.82/100g,,,False,,False,3.2,10,False,https://www.tesco.com/groceries/en-GB/products/313162571,https://digitalcontent.api.tesco.com/v2/media/ghs/553ab1a5-0c34-4a05-923d-870117e6a60d/6058cd55-cf71-48ce-93f3-da47dc38f125_1257587836.jpeg?h=225&w=225,Food Cupboard,"Jams, Sweet & Savoury Spreads"
264660996,Tesco Finest Acacia Honey 340G,£4.35,£1.28/100g,,,False,,False,4.5,29,False,https://www.tesco.com/groceries/en-GB/products/264660996,https://digitalcontent.api.tesco.com/v2/media/ghs/1aa5407e-1357-4c4b-b2b7-aaa4c5629b52/e120fd10-e487-471f-a4fc-a99938c53eba_820485156.jpeg?h=225&w=225,Food Cupboard,"Jams, Sweet & Savoury Spreads"
311258231,Pip & Nut Crunchy Peanut Butter 1Kg,£7.00,£0.70/100g,,,False,,False,4.7,97,False,https://www.tesco.com/groceries/en-GB/products/311258231,https://digitalcontent.api.tesco.com/v2/media/ghs/2a7bee66-6e7c-4597-9bc1-fa1a38e0e9de/8658fe68-7bf8-4890-9fc2-74bf6e030475_276048912.jpeg?h=225&w=225,Food Cupboard,"Jams, Sweet & Savoury Spreads"
308455179,Meridian Smooth Almond Butter 470g,£7.50,£1.60/100g,£6.00 Clubcard Price,(£1.28/100g),True,Offer valid for delivery from 31/03/2025 until 21/04/2025,False,4.6,10,False,https://www.tesco.com/groceries/en-GB/products/308455179,https://digitalcontent.api.tesco.com/v2/media/ghs/eda92a66-59f0-4fde-b079-95dbd57090df/7026529e-8c02-45e4-bca2-82a121ce596e_604351186.jpeg?h=225&w=225,Food Cupboard,"Jams, Sweet & Savoury Spreads"
294224337,Whole Earth Crunchy Peanut Butter 1Kg,£6.80,£0.68/100g,,,False,,False,3.9,68,False,https://www.tesco.com/groceries/en-GB/products/294224337,https://digitalcontent.api.tesco.com/v2/media/ghs/10931b81-e960-444e-a8c3-17c02ee29e51/e0bd02f9-55c2-4b05-972c-db6f26e17170_433746850.jpeg?h=225&w=225,Food Cupboard,"Jams, Sweet & Savoury Spreads"
294224350,Whole Earth Smooth Peanut Butter 1Kg,£6.80,£0.68/100g,,,False,,False,3.8,68,False,https://www.tesco.com/groceries/en-GB/products/294224350,https://digitalcontent.api.tesco.com/v2/media/ghs/1bfe48ce-0a52-43d8-bbc3-5dce0b3433ca/a732ebe5-f6b8-4769-85f5-a171d30eb87a_498087617.jpeg?h=225&w=225,Food Cupboard,"Jams, Sweet & Savoury Spreads"
260259031,Tesco Organic Squeezy Clear Honey 340G,£3.35,£0.98/100g,,,False,,False,4.1,14,False,https://www.tesco.com/groceries/en-GB/products/260259031,https://digitalcontent.api.tesco.com/v2/media/ghs/afa658d7-cf78-4d89-82bf-0a1ff1233f66/bc78ea4e-61e4-4032-9d32-7848e92253e9_329978642.jpeg?h=225&w=225,Food Cupboard,"Jams, Sweet & Savoury Spreads"
264661285,Tesco Finest Orange Blossom Honey 340G,£4.35,£1.28/100g,,,False,,False,4.4,37,False,https://www.tesco.com/groceries/en-GB/products/264661285,https://digitalcontent.api.tesco.com/v2/media/ghs/13f3db91-444e-4196-8d3e-5404b53e355b/99cebf07-578a-447e-9df1-d38e2dea0542_205959304.jpeg?h=225&w=225,Food Cupboard,"Jams, Sweet & Savoury Spreads"
313523951,Tesco Finest Spanish Forest Honey 340g,£4.35,£1.28/100g,,,False,,False,,1,False,https://www.tesco.com/groceries/en-GB/products/313523951,https://digitalcontent.api.tesco.com/v2/media/ghs/9f444246-acc5-47be-b29f-760b70a4be4e/79be72e4-64be-4275-9c53-6249150666e7_1035446252.jpeg?h=225&w=225,Food Cupboard,"Jams, Sweet & Savoury Spreads"
250044899,Tesco Organic Set Honey 340G,£3.35,£0.98/100g,,,False,,False,4.4,26,False,https://www.tesco.com/groceries/en-GB/products/250044899,https://digitalcontent.api.tesco.com/v2/media/ghs/d8c626a1-24f7-4c2f-beca-1bfe100ce5a7/91c159b9-426b-40b1-8c7f-86534ac3cc27_1357593936.jpeg?h=225&w=225,Food Cupboard,"Jams, Sweet & Savoury Spreads"
308475559,Hilltop Everyday Blossom Honey 720G,£4.00,£0.56/100g,,,False,,False,4.2,6,False,https://www.tesco.com/groceries/en-GB/products/308475559,https://digitalcontent.api.tesco.com/v2/media/ghs/010ea86b-2891-463d-a46b-63889655ad7c/9b96556e-30bd-42a4-a4af-e98214507428_1980821750.jpeg?h=225&w=225,Food Cupboard,"Jams, Sweet & Savoury Spreads"
252813401,Bonne Maman Blackcurrant Conserve 370G,£3.30,£0.89/100g,£2.60 Clubcard Price,(£0.70/100g),True,Offer valid for delivery from 16/04/2025 until 13/05/2025,False,4.5,41,False,https://www.tesco.com/groceries/en-GB/products/252813401,https://digitalcontent.api.tesco.com/v2/media/ghs/b705b12c-5805-42f4-a29e-4e076c998234/d7fbd713-3e63-4cd5-9861-0ef284cd923f_1442539112.jpeg?h=225&w=225,Food Cupboard,"Jams, Sweet & Savoury Spreads"
250782819,Bonne Maman Peach Conserve 370G,£3.30,£0.89/100g,£2.60 Clubcard Price,(£0.70/100g),True,Offer valid for delivery from 16/04/2025 until 13/05/2025,False,,5,False,https://www.tesco.com/groceries/en-GB/products/250782819,https://digitalcontent.api.tesco.com/v2/media/ghs/c547e33f-9afd-4ba5-8daf-6afddafc3dce/a0ab7307-e862-4b75-88d4-668d654bb6fa_1363447705.jpeg?h=225&w=225,Food Cupboard,"Jams, Sweet & Savoury Spreads"
268420553,Meridian Cashew Butter 170G,£3.25,£1.91/100g,,,False,,False,4.1,8,False,https://www.tesco.com/groceries/en-GB/products/268420553,https://digitalcontent.api.tesco.com/v2/media/ghs/e6ddfb80-b858-43db-aed4-3bf476c23e27/f2161386-c594-4430-9b52-9f9883974687_480414397.jpeg?h=225&w=225,Food Cupboard,"Jams, Sweet & Savoury Spreads"
270967024,Bonne Maman Damson Plum Conserve 370G,£3.30,£0.89/100g,£2.60 Clubcard Price,(£0.70/100g),True,Offer valid for delivery from 16/04/2025 until 13/05/2025,False,4.6,37,False,https://www.tesco.com/groceries/en-GB/products/270967024,https://digitalcontent.api.tesco.com/v2/media/ghs/c9d7a61b-4580-4dcb-86ce-03af62818a78/c395845b-527a-4df2-aed6-9a49dfbc8106_1545232995.jpeg?h=225&w=225,Food Cupboard,"Jams, Sweet & Savoury Spreads"
250782508,Bonne Maman Berries and Cherries Conserve 370g,£3.30,£0.89/100g,£2.60 Clubcard Price,(£0.70/100g),True,Offer valid for delivery from 16/04/2025 until 13/05/2025,False,4.4,8,False,https://www.tesco.com/groceries/en-GB/products/250782508,https://digitalcontent.api.tesco.com/v2/media/ghs/bb308e92-fef4-4d32-abc3-13c80584700e/fbb3bb74-14ff-40e7-a18e-733163382322_1784473615.jpeg?h=225&w=225,Food Cupboard,"Jams, Sweet & Savoury Spreads"
302832158,Whole Earth Dark Roasted Crunchy Peanut Butter 340g,£3.60,£1.06/100g,£3.00 Clubcard Price,(£0.88/100g),True,Offer valid for delivery from 16/04/2025 until 13/05/2025,False,4.1,8,False,https://www.tesco.com/groceries/en-GB/products/302832158,https://digitalcontent.api.tesco.com/v2/media/ghs/a6a91e66-f969-46ca-a128-0c306d07154a/be3896a1-f7d9-4308-ae7f-e138fafec533_1386319329.jpeg?h=225&w=225,Food Cupboard,"Jams, Sweet & Savoury Spreads"
303879723,Bonne Maman Intense Strawberry Jam 335G,£3.80,£1.13/100g,£3.00 Clubcard Price,(£0.90/100g),True,Offer valid for delivery from 16/04/2025 until 13/05/2025,False,4.2,54,False,https://www.tesco.com/groceries/en-GB/products/303879723,https://digitalcontent.api.tesco.com/v2/media/ghs/bfca52b7-81ea-43e4-8979-e02d89225499/c2e1f5a9-96a4-4212-955b-3dc4ce78621c_1112491367.jpeg?h=225&w=225,Food Cupboard,"Jams, Sweet & Savoury Spreads"
288745069,Meridian Almond Butter 170G,£3.25,£1.91/100g,,,False,,False,4.4,11,False,https://www.tesco.com/groceries/en-GB/products/288745069,https://digitalcontent.api.tesco.com/v2/media/ghs/36a223dc-0246-4372-b176-0e2e75765d5a/91377425-1e04-46e6-aae6-da3efa061afd_942447508.jpeg?h=225&w=225,Food Cupboard,"Jams, Sweet & Savoury Spreads"
302278140,Rowse Squeezy Honey Dark & Rich 340G,£3.00,£0.88/100g,£2.00 Save 1/3 Clubcard Price,(£0.59/100g),True,Offer valid for delivery from 16/04/2025 until 13/05/2025,False,,5,False,https://www.tesco.com/groceries/en-GB/products/302278140,https://digitalcontent.api.tesco.com/v2/media/ghs/557ed392-53a1-4134-9ec1-ecece720632e/2b4cc3ea-f698-4cb1-9fd6-ddd454f1aa29_431581703.jpeg?h=225&w=225,Food Cupboard,"Jams, Sweet & Savoury Spreads"
254409042,Tesco Finest English Set Honey 340G,£4.95,£1.46/100g,,,False,,False,4.6,33,False,https://www.tesco.com/groceries/en-GB/products/254409042,https://digitalcontent.api.tesco.com/v2/media/ghs/d3bc6db5-3979-4e2a-8ced-0d83d3cf8455/d6c83906-6e84-4cca-8504-1c749631eca8_651661093.jpeg?h=225&w=225,Food Cupboard,"Jams, Sweet & Savoury Spreads"
310685763,Whole Earth Drizzler Super Smooth Peanut Butter 320G,£3.30,£1.03/100g,£2.50 Clubcard Price,(£0.78/100g),True,Offer valid for delivery from 16/04/2025 until 13/05/2025,False,4.6,65,False,https://www.tesco.com/groceries/en-GB/products/310685763,https://digitalcontent.api.tesco.com/v2/media/ghs/9801f5bb-0b2b-45b1-9461-5bde4ab7c472/7ff2d4b9-dbcc-4326-88e8-b02753f636c1_1217291971.jpeg?h=225&w=225,Food Cupboard,"Jams, Sweet & Savoury Spreads"
309742484,The Groovy Food Company Organic Date Syrup 340G,£2.80,£8.24/kg,,,False,,False,,,False,https://www.tesco.com/groceries/en-GB/products/309742484,https://digitalcontent.api.tesco.com/v2/media/ghs/7455d73a-e595-401d-83c6-a28afca22fd3/a8354ad4-01e8-4da3-ba85-7b44e5bcc6e1_1172478215.jpeg?h=225&w=225,Food Cupboard,"Jams, Sweet & Savoury Spreads"
292991721,Jimjams Milk Chocolate Spread 350G,£3.20,£0.91/100g,,,False,,False,,3,False,https://www.tesco.com/groceries/en-GB/products/292991721,https://digitalcontent.api.tesco.com/v2/media/ghs/b5297bea-d105-4ac4-b85e-7fe3e5af08de/9efb4c2f-eb15-4953-b448-d94a2c13fa41_41531534.jpeg?h=225&w=225,Food Cupboard,"Jams, Sweet & Savoury Spreads"
267231906,Rowse Organic Clear Honey 340G,£3.75,£1.10/100g,,,False,,False,,4,False,https://www.tesco.com/groceries/en-GB/products/267231906,https://digitalcontent.api.tesco.com/v2/media/ghs/9664c497-6412-4d34-b4ab-f7857d328653/d19269d0-a510-490f-93db-b21af5319e9c_1503583753.jpeg?h=225&w=225,Food Cupboard,"Jams, Sweet & Savoury Spreads"
311949145,Hilltop Acacia Honey 340G,£3.00,£0.88/100g,£2.50 Clubcard Price,(£0.74/100g),True,Offer valid for delivery from 16/04/2025 until 13/05/2025,False,,3,False,https://www.tesco.com/groceries/en-GB/products/311949145,https://digitalcontent.api.tesco.com/v2/media/ghs/d5ceecb4-1ad7-43c8-9ccb-785038aa96da/a05c3f22-cfb3-404d-ba92-a045adc8f674_1228776861.jpeg?h=225&w=225,Food Cupboard,"Jams, Sweet & Savoury Spreads"
250782975,Bonne Maman Wild Blueberry Conserve 370G,£3.60,£0.97/100g,,,False,,False,4.4,43,False,https://www.tesco.com/groceries/en-GB/products/250782975,https://digitalcontent.api.tesco.com/v2/media/ghs/4449129f-3036-40b3-96de-b81e7465f553/98c541ef-a704-4d9e-b438-c668643a9a7c_1443900660.jpeg?h=225&w=225,Food Cupboard,"Jams, Sweet & Savoury Spreads"
257996613,Bonne Maman Strawberry and Wild Strawberry Conserve 370g,£3.60,£0.97/100g,,,False,,False,4.5,41,False,https://www.tesco.com/groceries/en-GB/products/257996613,https://digitalcontent.api.tesco.com/v2/media/ghs/304c1a9f-1fe2-41b3-93f7-4cf36fb02049/430add81-9bd0-421b-a696-51802fbbdebd_1962322603.jpeg?h=225&w=225,Food Cupboard,"Jams, Sweet & Savoury Spreads"
303879746,Bonne Maman Intense Raspberry Jam 335G,£3.80,£1.13/100g,£3.00 Clubcard Price,(£0.90/100g),True,Offer valid for delivery from 16/04/2025 until 13/05/2025,False,4.6,46,False,https://www.tesco.com/groceries/en-GB/products/303879746,https://digitalcontent.api.tesco.com/v2/media/ghs/5cf63999-d95c-4e90-8857-18d89d3882e7/8d382cb7-f254-4fc6-9630-a66c9a05d576_108822022.jpeg?h=225&w=225,Food Cupboard,"Jams, Sweet & Savoury Spreads"
309486619,Pip & Nut Smooth Peanut Butter 300G,£3.25,£1.08/100g,£2.25 Clubcard Price,(£0.75/100g),True,Offer valid for delivery from 16/04/2025 until 13/05/2025,False,4.4,109,False,https://www.tesco.com/groceries/en-GB/products/309486619,https://digitalcontent.api.tesco.com/v2/media/ghs/6130b818-0190-4da2-b9b8-cbc992f035f0/15a66021-55db-4af2-a8bd-c4592dc048af_1473284724.jpeg?h=225&w=225,Food Cupboard,"Jams, Sweet & Savoury Spreads"
309489772,Pip & Nut Crunchy Peanut Butter 300G,£3.25,£1.08/100g,£2.25 Clubcard Price,(£0.75/100g),True,Offer valid for delivery from 16/04/2025 until 13/05/2025,False,4.1,194,False,https://www.tesco.com/groceries/en-GB/products/309489772,https://digitalcontent.api.tesco.com/v2/media/ghs/b888dc77-d813-4799-81d5-9542ee371c11/82024fd5-dfa7-42e2-b7b1-5fc56d06d467_1881249064.jpeg?h=225&w=225,Food Cupboard,"Jams, Sweet & Savoury Spreads"
302173839,The Groovy Food Co. Agave Nector Rich & Dark 250Ml,£2.85,£11.40/litre,,,False,,False,,5,False,https://www.tesco.com/groceries/en-GB/products/302173839,https://digitalcontent.api.tesco.com/v2/media/ghs/14753c43-5a45-4fad-a1c8-203cfef02868/72ec2dc1-1c1d-43c8-afef-d5822651cc9a_1372154442.jpeg?h=225&w=225,Food Cupboard,"Jams, Sweet & Savoury Spreads"
310105184,Bonne Maman Hazelnut Chocolate Spread 250G,£3.30,£1.32/100g,,,False,,False,4.8,59,False,https://www.tesco.com/groceries/en-GB/products/310105184,https://digitalcontent.api.tesco.com/v2/media/ghs/182c8331-6c05-4290-8b57-92d7239ebbcd/53537f5f-e188-46b1-9ce1-aa6400832187_121356193.jpeg?h=225&w=225,Food Cupboard,"Jams, Sweet & Savoury Spreads"
254850756,Mamade Prepared Seville Oranges Thin Cut 850G,£2.60,£0.31/100g,,,False,,False,4.5,24,False,https://www.tesco.com/groceries/en-GB/products/254850756,https://digitalcontent.api.tesco.com/v2/media/ghs/50be374a-128b-47f3-a140-1352bf0ee5a4/43d9bd29-db69-4d25-81e1-76c03215d327_1693716334.jpeg?h=225&w=225,Food Cupboard,"Jams, Sweet & Savoury Spreads"
265833599,Lowicz Plum Butter Jam 290G,£2.00,£0.69/100g,,,False,,False,4.4,50,False,https://www.tesco.com/groceries/en-GB/products/265833599,https://digitalcontent.api.tesco.com/v2/media/ghs/753390a3-0c37-4bb8-b8f9-ced97acff95c/d0ff2819-d9ec-449d-a04e-eec5ec64ac84_2119912131.jpeg?h=225&w=225,Food Cupboard,"Jams, Sweet & Savoury Spreads"
251736822,Tesco Finest Bitter Orange Marmalade 340G,£1.80,£0.53/100g,,,False,,False,4.4,87,False,https://www.tesco.com/groceries/en-GB/products/251736822,https://digitalcontent.api.tesco.com/v2/media/ghs/11cbfbf6-591f-488a-9af1-04e078be7b41/d2170bbb-3ffc-469e-90df-9a208d8d92b6_2064741728.jpeg?h=225&w=225,Food Cupboard,"Jams, Sweet & Savoury Spreads"
280318634,Lyle's Golden Syrup Breakfast 340G,£1.80,£0.53/100g,,,False,,False,4.2,4,False,https://www.tesco.com/groceries/en-GB/products/280318634,https://digitalcontent.api.tesco.com/v2/media/ghs/eddcd92c-6436-45c9-af4b-643e1e61a4c8/494218ad-9ab0-4e7a-8562-269a02397a97_1481320706.jpeg?h=225&w=225,Food Cupboard,"Jams, Sweet & Savoury Spreads"
253520878,Hartley's Pineapple Jam 340g,£1.70,£0.50/100g,,,False,,False,2.9,13,False,https://www.tesco.com/groceries/en-GB/products/253520878,https://digitalcontent.api.tesco.com/v2/media/ghs/dd4115dd-c1d0-4bd1-83fa-e3e1ec35551b/8a74ce92-f4a7-43f9-bd31-3836173dbc60_641374579.jpeg?h=225&w=225,Food Cupboard,"Jams, Sweet & Savoury Spreads"
280879009,Tesco Ginger Preserve 340G,£1.00,£0.29/100g,,,False,,False,4.3,63,False,https://www.tesco.com/groceries/en-GB/products/280879009,https://digitalcontent.api.tesco.com/v2/media/ghs/70119df1-1ac7-463a-9229-95cc25e96aac/c70d16da-d2c1-46d5-b7c2-60dc8f6874ee_1403474955.jpeg?h=225&w=225,Food Cupboard,"Jams, Sweet & Savoury Spreads"
316065733,Rowse Squeezy Manuka Honey 100+ MGO 240g,£9.00,£3.75/100g,£7.00 Clubcard Price,(£2.92/100g),True,Offer valid for delivery from 16/04/2025 until 13/05/2025,False,,,False,https://www.tesco.com/groceries/en-GB/products/316065733,https://digitalcontent.api.tesco.com/v2/media/ghs/af10e61a-3b23-45df-ace6-25c8ac457172/7373f8c8-89da-4bfa-8bd9-f44fb5fe8b66_2129536310.jpeg?h=225&w=225,Food Cupboard,"Jams, Sweet & Savoury Spreads"
297396122,Pasieka Mulitflower Honey 1Kg,£8.40,£0.84/100g,,,False,,False,3.5,13,False,https://www.tesco.com/groceries/en-GB/products/297396122,https://digitalcontent.api.tesco.com/v2/media/ghs/3e2ae219-0507-4a36-93bc-7adcaede5e5f/c2b663a6-2144-46a8-89d0-7ef3dc7a8a4b_778543267.jpeg?h=225&w=225,Food Cupboard,"Jams, Sweet & Savoury Spreads"
311440752,Pip & Nut Smooth Peanut Butter 1Kg,£7.00,£0.70/100g,,,False,,False,4.9,60,False,https://www.tesco.com/groceries/en-GB/products/311440752,https://digitalcontent.api.tesco.com/v2/media/ghs/34db9e4a-045a-4d69-ba24-955dbc06b65f/f0eae011-7421-4035-b06c-b055e555811a_1682033148.jpeg?h=225&w=225,Food Cupboard,"Jams, Sweet & Savoury Spreads"
313752132,Rowse Organic Squeezy Honey 680G,£5.75,£0.85/100g,,,False,,False,,,False,https://www.tesco.com/groceries/en-GB/products/313752132,https://digitalcontent.api.tesco.com/v2/media/ghs/0a69d30e-5403-4a5f-8ced-ccc4e8580f13/8a70ced6-b910-4e61-a702-af218d6fbbef_1642712637.jpeg?h=225&w=225,Food Cupboard,"Jams, Sweet & Savoury Spreads"
289431243,Nutella Hazelnut Chocolate Spread 1Kg,£7.30,£0.73/100g,,,False,,False,3.7,6,False,https://www.tesco.com/groceries/en-GB/products/289431243,https://digitalcontent.api.tesco.com/v2/media/ghs/26168864-b12a-497f-bc0b-addb20d1442b/23a375cf-c48f-4593-8919-3a10175e772c_2033270496.jpeg?h=225&w=225,Food Cupboard,"Jams, Sweet & Savoury Spreads"
313754746,Bonne Maman Apricot Conserve 750g,£5.90,£0.79/100g,£4.80 Clubcard Price,(£0.64/100g),True,Offer valid for delivery from 16/04/2025 until 13/05/2025,False,4.9,33,False,https://www.tesco.com/groceries/en-GB/products/313754746,https://digitalcontent.api.tesco.com/v2/media/ghs/42ce8638-f47e-459d-af9f-499c216f2a4e/d6e4b1e0-5290-4679-9039-d8602b0c4c47_839079011.jpeg?h=225&w=225,Food Cupboard,"Jams, Sweet & Savoury Spreads"
316549893,Bonne Maman Strawberry Conserve 750g,£5.90,£0.79/100g,£4.80 Clubcard Price,(£0.64/100g),True,Offer valid for delivery from 16/04/2025 until 13/05/2025,False,,31,False,https://www.tesco.com/groceries/en-GB/products/316549893,https://digitalcontent.api.tesco.com/v2/media/ghs/1264a204-72d3-47b4-8156-a9d11caca529/55c557fe-1d22-46ee-818b-c8d32584cffc_1885561543.jpeg?h=225&w=225,Food Cupboard,"Jams, Sweet & Savoury Spreads"
284845619,Rowse Supahoney With Manuka & Vitamin C 250G,£4.00,£1.60/100g,,,False,,False,,4,False,https://www.tesco.com/groceries/en-GB/products/284845619,https://digitalcontent.api.tesco.com/v2/media/ghs/2ae65d0d-1e3d-448a-897d-6efad70e2a7a/6491eda5-6b87-4e85-b735-e94a101b51b0_754790537.jpeg?h=225&w=225,Food Cupboard,"Jams, Sweet & Savoury Spreads"
316198909,Hilltop Hot Honey 340g,£3.50,£3.50/each,,,False,,False,,,False,https://www.tesco.com/groceries/en-GB/products/316198909,https://digitalcontent.api.tesco.com/v2/media/ghs/4d89ba69-b673-4537-83c3-a1d24b6ff4c1/5526f85c-b2c6-49cb-a427-ed8dfb87c5bb_577958446.jpeg?h=225&w=225,Food Cupboard,"Jams, Sweet & Savoury Spreads"
313750474,Bonne Maman Hazelnut Chocolate Spread 360g,£4.10,£1.14/100g,,,False,,False,,40,False,https://www.tesco.com/groceries/en-GB/products/313750474,https://digitalcontent.api.tesco.com/v2/media/ghs/07824d68-ddff-49ce-9587-0ad2f05f130b/95f73ae0-dd19-4648-8baf-407d86f57d47_1700423528.jpeg?h=225&w=225,Food Cupboard,"Jams, Sweet & Savoury Spreads"
315968260,Manilife Deep Roast Crunchy Peanut Butter 275g,£4.00,£1.46/100g,,,False,,False,4.8,35,False,https://www.tesco.com/groceries/en-GB/products/315968260,https://digitalcontent.api.tesco.com/v2/media/ghs/7a8d4370-c2a6-4811-ab6b-4530df329200/fca991e5-d40c-418f-be7e-605fb49a33e5_908694974.jpeg?h=225&w=225,Food Cupboard,"Jams, Sweet & Savoury Spreads"
316430762,Maple Crest Pancake Syrup 330g,£3.00,£0.91/100g,,,False,,False,,1,False,https://www.tesco.com/groceries/en-GB/products/316430762,https://digitalcontent.api.tesco.com/v2/media/ghs/d0bc40e7-610a-42f0-aea8-b21d872fb8a0/d594dc03-8afe-49b5-8ab2-1cefbc1744ae_1943624837.jpeg?h=225&w=225,Food Cupboard,"Jams, Sweet & Savoury Spreads"
315839387,Manilife Original Roast Crunchy Peanut Butter 275g,£4.00,£1.46/100g,,,False,,False,,34,False,https://www.tesco.com/groceries/en-GB/products/315839387,https://digitalcontent.api.tesco.com/v2/media/ghs/7b73cdfa-0828-485c-9473-8859f6ec2055/8b56aa4c-1ddc-4b6c-95eb-814fa7cfe882_968319188.jpeg?h=225&w=225,Food Cupboard,"Jams, Sweet & Savoury Spreads"
315747798,Manilife Deep Roast Smooth Peanut Butter 275g,£4.00,£1.46/100g,,,False,,False,3.7,3,False,https://www.tesco.com/groceries/en-GB/products/315747798,https://digitalcontent.api.tesco.com/v2/media/ghs/5107a011-056e-474d-9399-009c25497a10/2c6e7769-d967-476c-948e-cf8ee5b54fc1_409292937.jpeg?h=225&w=225,Food Cupboard,"Jams, Sweet & Savoury Spreads"
312718400,Nuts About Nature 100% Peanut Butter Crunchy No Added Sugar 1Kg,£4.95,£0.50/100g,,,False,,False,,22,False,https://www.tesco.com/groceries/en-GB/products/312718400,https://digitalcontent.api.tesco.com/v2/media/ghs/f6f14a67-1de6-407f-99e9-bf2c3b77ee6c/67cf02ea-d375-4d73-be0f-adb039dd71d3_1184057216.jpeg?h=225&w=225,Food Cupboard,"Jams, Sweet & Savoury Spreads"
316178219,Sun-Pat Crunchy Peanut Butter 300g,£2.80,£0.93/100g,,,False,,False,,1,False,https://www.tesco.com/groceries/en-GB/products/316178219,https://digitalcontent.api.tesco.com/v2/media/ghs/824fdbd2-bd48-4c39-ba47-075e4bbe0eaa/b59798fe-d638-49d3-99fa-ebeb6333eae0_1452146985.jpeg?h=225&w=225,Food Cupboard,"Jams, Sweet & Savoury Spreads"
308480564,Sun-Pat Crunchy Peanut Butter 570G,£3.75,£0.66/100g,,,False,,False,,4,False,https://www.tesco.com/groceries/en-GB/products/308480564,https://digitalcontent.api.tesco.com/v2/media/ghs/bb206472-64a3-4197-8390-c2af359d34fe/c803ff5c-774b-4a08-a81c-8f05059c836a_116178304.jpeg?h=225&w=225,Food Cupboard,"Jams, Sweet & Savoury Spreads"
308485714,Sun-Pat Smooth Peanut Butter 570G,£3.75,£0.66/100g,,,False,,False,3.4,5,False,https://www.tesco.com/groceries/en-GB/products/308485714,https://digitalcontent.api.tesco.com/v2/media/ghs/18792805-dba6-479f-bdf7-022ad0e092ce/38ad27d0-e130-4f61-9681-a69be39ab178_794741634.jpeg?h=225&w=225,Food Cupboard,"Jams, Sweet & Savoury Spreads"
254881022,Marmite Yeast Extract 500G,£6.00,£1.20/100g,,,False,,False,4.1,151,False,https://www.tesco.com/groceries/en-GB/products/254881022,https://digitalcontent.api.tesco.com/v2/media/ghs/8f65b245-d290-4af6-9489-cf69073fa91b/9fa4431f-08f7-4bd0-8c7a-c19ff5002567_1681242800.jpeg?h=225&w=225,Food Cupboard,"Jams, Sweet & Savoury Spreads"
315733872,Sun-Pat Smooth Peanut Butter 300g,£2.80,£0.93/100g,,,False,,False,,3,False,https://www.tesco.com/groceries/en-GB/products/315733872,https://digitalcontent.api.tesco.com/v2/media/ghs/4e168921-269f-4552-a4ad-6a5ee36c8e28/d60dea00-3e20-48cd-a300-8352f802f796_473726685.jpeg?h=225&w=225,Food Cupboard,"Jams, Sweet & Savoury Spreads"
255572127,Frank Coopers Original Oxford Marmalade 454G,£2.90,£0.64/100g,£2.50 Clubcard Price,(£0.55/100g),True,Offer valid for delivery from 31/03/2025 until 21/04/2025,False,3.9,12,False,https://www.tesco.com/groceries/en-GB/products/255572127,https://digitalcontent.api.tesco.com/v2/media/ghs/79607db3-a4f3-4a05-9ca4-13a0b1c5fea6/29b74062-2c88-46e6-8069-7a4016eec3dc_570915902.jpeg?h=225&w=225,Food Cupboard,"Jams, Sweet & Savoury Spreads"
292991583,Jimjams Hazelnut Chocolate Spread 350G,£3.20,£0.91/100g,,,False,,False,,2,False,https://www.tesco.com/groceries/en-GB/products/292991583,https://digitalcontent.api.tesco.com/v2/media/ghs/24434a46-ab3e-4d97-8a1d-89b8ebf2cb41/snapshotimagehandler_646454310.jpeg?h=225&w=225,Food Cupboard,"Jams, Sweet & Savoury Spreads"
320406435,Fearne & Rosie Superberry Preserve 310g,£3.20,£1.03/100g,£2.20 Clubcard Price,(£0.71/100g),True,Offer valid for delivery from 16/04/2025 until 13/05/2025,False,,9,False,https://www.tesco.com/groceries/en-GB/products/320406435,https://digitalcontent.api.tesco.com/v2/media/ghs/435f03f5-0ef6-441d-88af-3509f13f05a9/389ad736-acca-4f0b-b365-9df24ffe182e_1248280219.jpeg?h=225&w=225,Food Cupboard,"Jams, Sweet & Savoury Spreads"
318172194,Fearne & Rosie Strawberry Preserve 310g,£3.20,£1.03/100g,£2.20 Clubcard Price,(£0.71/100g),True,Offer valid for delivery from 16/04/2025 until 13/05/2025,False,3.8,11,False,https://www.tesco.com/groceries/en-GB/products/318172194,https://digitalcontent.api.tesco.com/v2/media/ghs/31cb3829-db80-453b-a1d2-dc21513f452c/9b85de58-d9de-494c-a6da-2cb09dd210c9_2011370622.jpeg?h=225&w=225,Food Cupboard,"Jams, Sweet & Savoury Spreads"
316189497,Bonne Maman Caramelised Apple Spread 275g,£3.00,£1.09/100g,,,False,,False,4.8,46,False,https://www.tesco.com/groceries/en-GB/products/316189497,https://digitalcontent.api.tesco.com/v2/media/ghs/ffb46c04-c707-4194-adaa-ee07f3424d75/754bf618-ed6a-402b-844b-0a96c5b3123e_552845432.jpeg?h=225&w=225,Food Cupboard,"Jams, Sweet & Savoury Spreads"
316187001,Bonne Maman Chocolate and Orange Spread 275g,£3.00,£1.09/100g,,,False,,False,3.9,26,False,https://www.tesco.com/groceries/en-GB/products/316187001,https://digitalcontent.api.tesco.com/v2/media/ghs/5333dca2-a33e-489c-9d26-2009e93f734b/5388d847-7da7-4669-9f06-eef338b1fc9d_1519317558.jpeg?h=225&w=225,Food Cupboard,"Jams, Sweet & Savoury Spreads"
313002992,Bonne Maman Lemon Curd 360g,£2.90,£0.81/100g,,,False,,False,4.9,34,False,https://www.tesco.com/groceries/en-GB/products/313002992,https://digitalcontent.api.tesco.com/v2/media/ghs/56179aed-4b92-4dfe-8257-9776dc4dc65b/1a205fe3-9402-4ea4-b01d-22f931d4affc_1425579668.jpeg?h=225&w=225,Food Cupboard,"Jams, Sweet & Savoury Spreads"
318195725,Fearne & Rosie Raspberry Preserve 310g,£3.20,£1.03/100g,£2.20 Clubcard Price,(£0.71/100g),True,Offer valid for delivery from 16/04/2025 until 13/05/2025,False,3.8,12,False,https://www.tesco.com/groceries/en-GB/products/318195725,https://digitalcontent.api.tesco.com/v2/media/ghs/dd3051b3-0287-4e65-94a4-350b46bd0ab0/754bf737-0ffa-471e-9b4c-6f0d94552982_2068936568.jpeg?h=225&w=225,Food Cupboard,"Jams, Sweet & Savoury Spreads"
316174264,Bonne Maman Crunchy Hazelnut Chocolate Spread 250g,£3.30,£1.32/100g,,,False,,False,4.9,17,False,https://www.tesco.com/groceries/en-GB/products/316174264,https://digitalcontent.api.tesco.com/v2/media/ghs/f7c83961-4360-4ade-829c-fd48aeeb2351/b3961918-b091-43a7-ad8f-0b8852eb0424_956986545.jpeg?h=225&w=225,Food Cupboard,"Jams, Sweet & Savoury Spreads"
313504818,Hilltop Maple Flavoured Syrup 230G,£2.00,£0.87/100g,,,False,,False,3.8,23,False,https://www.tesco.com/groceries/en-GB/products/313504818,https://digitalcontent.api.tesco.com/v2/media/ghs/1613f23f-fbd4-4d2d-9962-651f27a96b41/a76119c5-e525-4e55-abcd-72a69230dd1d_333093062.jpeg?h=225&w=225,Food Cupboard,"Jams, Sweet & Savoury Spreads"
312997523,Pip & Nut Smooth Sweet & Salty Peanut Butter 300g,£3.25,£1.08/100g,,,False,,False,4.8,29,False,https://www.tesco.com/groceries/en-GB/products/312997523,https://digitalcontent.api.tesco.com/v2/media/ghs/3e9cd547-cae5-4735-81d3-5677c13ae163/118438ad-591e-4902-886e-ac3aa814188f_1253821527.jpeg?h=225&w=225,Food Cupboard,"Jams, Sweet & Savoury Spreads"
313159604,Pip & Nut Crunchy Sweet & Salty Peanut Butter 300g,£3.25,£1.08/100g,,,False,,False,4.6,29,False,https://www.tesco.com/groceries/en-GB/products/313159604,https://digitalcontent.api.tesco.com/v2/media/ghs/e3c18cb8-a671-44b1-a602-ad9dcb99cbc4/c7a8ccb0-12aa-4368-9459-41b512eeba59_987630851.jpeg?h=225&w=225,Food Cupboard,"Jams, Sweet & Savoury Spreads"
315569421,Hilltop Everyday Blossom Honey 250g,£1.85,£0.74/100g,,,False,,False,,,False,https://www.tesco.com/groceries/en-GB/products/315569421,https://digitalcontent.api.tesco.com/v2/media/ghs/58fe56b4-a6cf-4ce0-b609-c17ac05587b0/4a0300c7-4aca-439b-9f52-54267905ab2e_965004680.jpeg?h=225&w=225,Food Cupboard,"Jams, Sweet & Savoury Spreads"
257994045,Hartley's Apricot Jam 340g,£1.70,£0.50/100g,,,False,,False,,1,False,https://www.tesco.com/groceries/en-GB/products/257994045,https://digitalcontent.api.tesco.com/v2/media/ghs/fb94daf7-6cb8-4844-868b-662d9c3e2da3/a38ddf8e-3916-4284-a281-5cf459056128_468281752.jpeg?h=225&w=225,Food Cupboard,"Jams, Sweet & Savoury Spreads"
254849557,Tesco Apricot Jam 454G,£0.89,£0.20/100g,,,False,,False,4.6,36,False,https://www.tesco.com/groceries/en-GB/products/254849557,https://digitalcontent.api.tesco.com/v2/media/ghs/ec15a673-e767-4b39-9fce-4521507fcf05/e247d243-ca1a-4a23-ad6a-e123e720e4a7_768643240.jpeg?h=225&w=225,Food Cupboard,"Jams, Sweet & Savoury Spreads"
254849592,Tesco Raspberry Jam 454G,£0.89,£0.20/100g,,,False,,False,4.4,30,False,https://www.tesco.com/groceries/en-GB/products/254849592,https://digitalcontent.api.tesco.com/v2/media/ghs/2dbe3296-f554-418d-996b-906eccbe23c6/b54aacf5-e033-4a4c-9622-5f4c6d83e6f5_1978423208.jpeg?h=225&w=225,Food Cupboard,"Jams, Sweet & Savoury Spreads"
312988851,Hilltop Premium Manuka Honey 500+ Mgo 225G,£20.00,£8.89/100g,,,False,,False,,,False,https://www.tesco.com/groceries/en-GB/products/312988851,https://digitalcontent.api.tesco.com/v2/media/ghs/bb346011-f559-4495-83f4-90706cf7f924/64606ae4-81ad-47db-b6d5-4c3f34c496f3_1708925930.jpeg?h=225&w=225,Food Cupboard,"Jams, Sweet & Savoury Spreads"
313005263,Hilltop Premium Manuka Honey 250+ Mgo 225G,£12.00,£5.33/100g,,,False,,False,,,False,https://www.tesco.com/groceries/en-GB/products/313005263,https://digitalcontent.api.tesco.com/v2/media/ghs/0a2b69b2-a68d-4bba-b1b3-39ccffb85903/3c2b6ad6-7b53-420b-9365-cfe030d11c3b_1989513403.jpeg?h=225&w=225,Food Cupboard,"Jams, Sweet & Savoury Spreads"
312363939,Hilltop Premium Manuka 100+ Mgo Honey Of New Zealand 225G,£8.00,£3.56/100g,,,False,,False,,2,False,https://www.tesco.com/groceries/en-GB/products/312363939,https://digitalcontent.api.tesco.com/v2/media/ghs/277b146e-0e9b-4faa-8b29-0be3e5458e58/0a701934-7f50-4902-9784-d8e22b201daa_231084735.jpeg?h=225&w=225,Food Cupboard,"Jams, Sweet & Savoury Spreads"
313162824,Nuts About Nature 100% Almond Butter Smooth 340G,£6.00,£1.76/100g,,,False,,False,4.6,8,False,https://www.tesco.com/groceries/en-GB/products/313162824,https://digitalcontent.api.tesco.com/v2/media/ghs/6d81306a-c0d8-45c5-baa6-c005d2faa6ea/5aeac4ee-d54a-41da-87fa-cf397b764bc7_330350184.jpeg?h=225&w=225,Food Cupboard,"Jams, Sweet & Savoury Spreads"
316176515,Meridian Lightly Salted Smooth Peanut Butter 280g,£2.80,£1.00/100g,,,False,,False,,,False,https://www.tesco.com/groceries/en-GB/products/316176515,https://digitalcontent.api.tesco.com/v2/media/ghs/007a89f9-b667-4bd0-8126-941dcddab79a/0fe90a4f-7f86-44b6-bb18-a16ab6b5db36_756803122.jpeg?h=225&w=225,Food Cupboard,"Jams, Sweet & Savoury Spreads"
315980780,Meridian Lightly Salted Crunchy Peanut Butter 280g,£2.80,£1.00/100g,,,False,,False,,,False,https://www.tesco.com/groceries/en-GB/products/315980780,https://digitalcontent.api.tesco.com/v2/media/ghs/0f01531c-03f1-4d7a-9184-da6f2d0ae80f/531829d3-4899-4216-b565-e05e95ee124e_236067357.jpeg?h=225&w=225,Food Cupboard,"Jams, Sweet & Savoury Spreads"
315856297,Manilife Crunchy Almond Butter 160g,£4.00,£2.50/100g,,,False,,False,4.8,36,False,https://www.tesco.com/groceries/en-GB/products/315856297,https://digitalcontent.api.tesco.com/v2/media/ghs/6c603d6a-adb2-42c9-bc2a-8cc01107f469/f83698d8-d584-4a4b-a69f-5d157b52cafc_1643227213.jpeg?h=225&w=225,Food Cupboard,"Jams, Sweet & Savoury Spreads"
315563888,Manilife Smooth Almond Butter 160g,£4.00,£2.50/100g,,,False,,False,4.8,29,False,https://www.tesco.com/groceries/en-GB/products/315563888,https://digitalcontent.api.tesco.com/v2/media/ghs/a8d6c3b7-d20a-46c3-b991-d95c94f1a1d1/0eb31dcb-03a4-4f17-80c3-c04a98b42667_615723073.jpeg?h=225&w=225,Food Cupboard,"Jams, Sweet & Savoury Spreads"
315753364,Manilife Original Roast Smooth Peanut Butter 275g,£4.00,£1.46/100g,,,False,,False,,35,False,https://www.tesco.com/groceries/en-GB/products/315753364,https://digitalcontent.api.tesco.com/v2/media/ghs/116c4192-00a4-4a05-910e-fe6422cc1d09/46d425d1-89ea-476c-acd3-9c8723215742_96405701.jpeg?h=225&w=225,Food Cupboard,"Jams, Sweet & Savoury Spreads"
313176785,Nuts About Nature 100% Peanut Butter Smooth No Added Sugar 1Kg,£4.95,£0.50/100g,,,False,,False,4.1,20,False,https://www.tesco.com/groceries/en-GB/products/313176785,https://digitalcontent.api.tesco.com/v2/media/ghs/774b303c-cd5f-480c-8000-845b40ba262c/57ab1e4c-fdfa-4037-9c84-7d14df35e5c6_748667167.jpeg?h=225&w=225,Food Cupboard,"Jams, Sweet & Savoury Spreads"
260491872,Carnation Caramel Dessert Filling Tin 397g,£1.90,£4.79/kg,,,False,,False,4.9,412,True,https://www.tesco.com/groceries/en-GB/products/260491872,https://digitalcontent.api.tesco.com/v2/media/ghs/564b82d5-ee9a-4a61-8d8f-140c2cc1512b/c5114a26-eb0f-432d-9960-f10ef848941d_1215338843.jpeg?h=225&w=225,Food Cupboard,Desserts
258050084,Carnation Sweetened Condensed Milk 397g,£1.75,£4.41/kg,,,False,,False,4.9,666,True,https://www.tesco.com/groceries/en-GB/products/258050084,https://digitalcontent.api.tesco.com/v2/media/ghs/80ddf964-6569-448a-b9ab-6760dd4a5ab1/d46b8da9-98dc-46bf-bdaf-ef43ef2cdfcd_267418398.jpeg?h=225&w=225,Food Cupboard,Desserts
315336484,Ambrosia Deluxe Custard 750g,£3.00,£0.40/100g,£2.50 Clubcard Price,(£0.33/100g),True,Offer valid for delivery from 16/04/2025 until 13/05/2025,False,4.7,39,True,https://www.tesco.com/groceries/en-GB/products/315336484,https://digitalcontent.api.tesco.com/v2/media/ghs/4e510a51-58f2-4441-9828-64f20ea2188b/3dbbf377-5228-4107-8edb-91c83539ac4f_1068570619.jpeg?h=225&w=225,Food Cupboard,Desserts
268420518,Tesco No Added Sugar Instant Custard Mix 70G,£0.75,£1.07/100g,,,False,,False,4.6,59,False,https://www.tesco.com/groceries/en-GB/products/268420518,https://digitalcontent.api.tesco.com/v2/media/ghs/906e471e-811e-49fd-a4f3-c1fee0148e89/c01bc945-cf3e-41a9-8632-11ef78674bb2_1856817826.jpeg?h=225&w=225,Food Cupboard,Desserts
268420478,Tesco Instant Custard Mix 76G,£0.75,£0.99/100g,,,False,,False,3.9,39,False,https://www.tesco.com/groceries/en-GB/products/268420478,https://digitalcontent.api.tesco.com/v2/media/ghs/819d0598-af4c-45e3-877d-92ca2169182c/b789b26d-3fb8-4327-8b82-00ae8ba1a796_1433376410.jpeg?h=225&w=225,Food Cupboard,Desserts
297558369,Bird's Original Custard Powder 350g,£2.20,£0.63/100g,,,False,,False,4.3,55,False,https://www.tesco.com/groceries/en-GB/products/297558369,https://digitalcontent.api.tesco.com/v2/media/ghs/c7633406-7819-4a96-b39d-9b6da2f6fc09/4a34465a-b46c-45ef-9db6-f6b387edd4a8_1790577388.jpeg?h=225&w=225,Food Cupboard,Desserts
254948630,Tesco Trifle Sponges 8 Pack 160g,£1.50,£0.94/100g,,,False,,False,3.7,32,False,https://www.tesco.com/groceries/en-GB/products/254948630,https://digitalcontent.api.tesco.com/v2/media/ghs/2ccb71dc-7ae1-4bde-9a9f-0a3cb80f805e/416f96cc-ffb7-46fc-a72f-7ced944ca76c_1635782352.jpeg?h=225&w=225,Food Cupboard,Desserts
309468935,Ambrosia Devon Custard 500G,£2.00,£0.40/100g,,,False,,False,4.8,73,False,https://www.tesco.com/groceries/en-GB/products/309468935,https://digitalcontent.api.tesco.com/v2/media/ghs/0a4294ea-164f-426c-aec1-a92987301d16/02b9d04f-7839-4916-a675-574090d60ff7_2081504182.jpeg?h=225&w=225,Food Cupboard,Desserts
260245738,Tesco Finest Meringue Nests 8S,£2.00,£0.25/each,,,False,,False,4.1,53,False,https://www.tesco.com/groceries/en-GB/products/260245738,https://digitalcontent.api.tesco.com/v2/media/ghs/119d642d-90dc-4f1b-b2c8-769f18b06ce1/1e3e7cd2-79ce-40dc-b0a4-018e30b6ff95_84186039.jpeg?h=225&w=225,Food Cupboard,Desserts
254902477,Carnation Evaporated Milk Tin 410g,£1.40,£3.42/kg,,,False,,False,4.9,200,False,https://www.tesco.com/groceries/en-GB/products/254902477,https://digitalcontent.api.tesco.com/v2/media/ghs/ad8cc470-92b7-45d9-ad37-9275849ad3ac/843b3905-221c-4a1a-83d8-9b2251b3b664_2051811984.jpeg?h=225&w=225,Food Cupboard,Desserts
276671560,Mr Freeze Freeze Pops 20X45ml,£1.60,£0.18/100ml,,,False,,False,2.5,67,False,https://www.tesco.com/groceries/en-GB/products/276671560,https://digitalcontent.api.tesco.com/v2/media/ghs/afe823b3-8b91-461c-a44e-e6a3a29e15fa/a98d874d-a6f2-49d7-8127-28c896d73d74_387424981.jpeg?h=225&w=225,Food Cupboard,Desserts
252468628,Hartley's Jelly - Strawberry Flavour 125g,£0.80,£0.64/100g,,,False,,False,3.9,7,False,https://www.tesco.com/groceries/en-GB/products/252468628,https://digitalcontent.api.tesco.com/v2/media/ghs/248c3f2a-7136-43e5-a4a2-6d61766e0c24/730acfbe-b302-4ae8-a0bc-c59ab21d616b_1244859024.jpeg?h=225&w=225,Food Cupboard,Desserts
297609391,Ambrosia Devon Custard 150G,£0.95,£0.63/100g,Any 3 for £2 Clubcard Price - Selected Ambrosia Custard And Rice Pudding 150g,,True,Offer valid for delivery from 29/03/2025 until 28/03/2026,False,4.7,44,False,https://www.tesco.com/groceries/en-GB/products/297609391,https://digitalcontent.api.tesco.com/v2/media/ghs/9f787be5-393b-4b2c-a807-ee5e7d938e5c/378f4ac6-5c6e-47f6-a448-a8dd8db26f14_1985469605.jpeg?h=225&w=225,Food Cupboard,Desserts
252472628,Hartleys Strawberry Jelly 135G,£0.95,£0.70/100g,,,False,,False,3.1,15,False,https://www.tesco.com/groceries/en-GB/products/252472628,https://digitalcontent.api.tesco.com/v2/media/ghs/62675c85-171c-4eea-baba-f77e74319552/f7a385bb-728e-423a-a27a-a208bb2c05ec_663458496.jpeg?h=225&w=225,Food Cupboard,Desserts
252472438,Hartleys Raspberry Jelly 135G,£0.95,£0.70/100g,,,False,,False,4.6,16,False,https://www.tesco.com/groceries/en-GB/products/252472438,https://digitalcontent.api.tesco.com/v2/media/ghs/7e147ca4-03bb-474c-8ed9-27f1f9a6e68c/f65cc37f-bbca-4d09-b986-3be79e750559_1875763814.jpeg?h=225&w=225,Food Cupboard,Desserts
252471998,Hartleys Orange Jelly 135G,£0.95,£0.70/100g,,,False,,False,4.3,9,False,https://www.tesco.com/groceries/en-GB/products/252471998,https://digitalcontent.api.tesco.com/v2/media/ghs/c47ddea6-0c6b-47ce-a60a-e0ba789b3f56/3c66982b-254f-49f3-8098-9a616d4c4aa5_1180974513.jpeg?h=225&w=225,Food Cupboard,Desserts
309495067,Ambrosia Devon Custard 1Kg,£3.00,£0.30/100g,£1.95 Save 1/3 Clubcard Price,(£0.20/100g),True,Offer valid for delivery from 31/03/2025 until 21/04/2025,False,4.4,50,False,https://www.tesco.com/groceries/en-GB/products/309495067,https://digitalcontent.api.tesco.com/v2/media/ghs/7747dca2-fc21-475d-9a58-fc885c9d61c9/a74dc1e1-168f-4fe2-8c78-a28dc7a38e50_1971952526.jpeg?h=225&w=225,Food Cupboard,Desserts
256525603,Tesco Ready To Serve Custard 1Kg,£1.40,£0.14/100g,,,False,,False,3.8,71,False,https://www.tesco.com/groceries/en-GB/products/256525603,https://digitalcontent.api.tesco.com/v2/media/ghs/9ab3ba75-c1d9-4168-a9d4-744c41302115/687a0854-b036-44eb-b020-43d5bb43941d_113794322.jpeg?h=225&w=225,Food Cupboard,Desserts
297559662,Ambrosia Mini Custard 30% Less Sugar 6S 330G,£2.50,£0.76/100g,,,False,,False,4.7,54,False,https://www.tesco.com/groceries/en-GB/products/297559662,https://digitalcontent.api.tesco.com/v2/media/ghs/ade22b59-163d-4bad-b143-75dc3906b5f4/c40fe3d7-b426-4b6f-8ad1-236e32c23f26_1777263562.jpeg?h=225&w=225,Food Cupboard,Desserts
257407068,Tesco Rice Pudding 400G,£0.80,£0.20/100g,,,False,,False,3.8,58,False,https://www.tesco.com/groceries/en-GB/products/257407068,https://digitalcontent.api.tesco.com/v2/media/ghs/ab69d866-93f4-4933-a02d-22c2f69c0644/e34c955b-d2d0-495e-8e20-45a0f69817ac_446356192.jpeg?h=225&w=225,Food Cupboard,Desserts
254902431,Carnation Evaporated Milk Tin 170g,£0.75,£4.41/kg,,,False,,False,4.9,199,False,https://www.tesco.com/groceries/en-GB/products/254902431,https://digitalcontent.api.tesco.com/v2/media/ghs/2ece0871-74b1-40f4-930d-36f650964eff/0fcf5eb2-2245-4bca-9999-26086193fd14_1519416614.jpeg?h=225&w=225,Food Cupboard,Desserts
254903689,Angel Delight Strawberry 59G,£0.75,£1.27/100g,,,False,,False,4.2,49,False,https://www.tesco.com/groceries/en-GB/products/254903689,https://digitalcontent.api.tesco.com/v2/media/ghs/628fb55f-0e4e-438a-801b-e5a2b2087dec/2ec83122-4a74-4ada-9117-bd7f480405ff_1707434510.jpeg?h=225&w=225,Food Cupboard,Desserts
254948751,Tesco Sponge Fingers 200G,£1.35,£0.68/100g,,,False,,False,4.6,34,False,https://www.tesco.com/groceries/en-GB/products/254948751,https://digitalcontent.api.tesco.com/v2/media/ghs/63eb1b13-c325-4c77-9f78-11e65ecf908f/98d2a634-81bc-4778-8993-6d5d0bb438c3_417513416.jpeg?h=225&w=225,Food Cupboard,Desserts
258870038,Birds Trifle Strawberry Serve 4-6 141G,£2.00,£1.42/100g,,,False,,False,3.9,53,False,https://www.tesco.com/groceries/en-GB/products/258870038,https://digitalcontent.api.tesco.com/v2/media/ghs/e7cfbe99-7210-4b09-959f-4dc15c519998/e1652d8b-8313-4669-9507-0d6c0f61e2cf_521002699.jpeg?h=225&w=225,Food Cupboard,Desserts
271246784,Ambrosia Low Fat Custard 400G,£1.95,£0.49/100g,Any 2 for £2 Clubcard Price - Selected Ambrosia Custard And Rice Pudding 390g Or 400g,,True,Offer valid for delivery from 04/04/2025 until 13/05/2025,False,4.5,71,False,https://www.tesco.com/groceries/en-GB/products/271246784,https://digitalcontent.api.tesco.com/v2/media/ghs/f815b7e3-2812-4290-8ced-8df80fd7401b/822897d5-da55-457b-bae5-51b7527b2364_1601507017.jpeg?h=225&w=225,Food Cupboard,Desserts
252469938,Hartleys Sugar Free Jelly Strawberry 23G,£1.10,£4.78/100g,,,False,,False,3.7,11,False,https://www.tesco.com/groceries/en-GB/products/252469938,https://digitalcontent.api.tesco.com/v2/media/ghs/91e04040-5547-49d6-90b2-1cb47551fe93/ee87f021-a0e0-439b-b647-66942e9c1bcc_608060387.jpeg?h=225&w=225,Food Cupboard,Desserts
252469218,Hartleys Sugar Free Jelly Raspberry 23G,£1.10,£4.78/100g,,,False,,False,3.7,14,False,https://www.tesco.com/groceries/en-GB/products/252469218,https://digitalcontent.api.tesco.com/v2/media/ghs/009d689b-b9ae-46ba-98ab-85eca42f8702/adbe7bd4-fd01-4c51-b70e-895a16224076_937490492.jpeg?h=225&w=225,Food Cupboard,Desserts
271246162,Ambrosia Devon Custard 400G,£1.60,£0.40/100g,Any 2 for £2 Clubcard Price - Selected Ambrosia Custard And Rice Pudding 390g Or 400g,,True,Offer valid for delivery from 04/04/2025 until 13/05/2025,False,4.3,84,False,https://www.tesco.com/groceries/en-GB/products/271246162,https://digitalcontent.api.tesco.com/v2/media/ghs/6f4299c9-584b-4d90-b6a4-af90f776a9cf/d874c8a7-333d-47b5-9623-8129501251f1_2051314131.jpeg?h=225&w=225,Food Cupboard,Desserts
271241795,Ambrosia Low Fat Rice Pudding 400G,£1.60,£0.40/100g,Any 2 for £2 Clubcard Price - Selected Ambrosia Custard And Rice Pudding 390g Or 400g,,True,Offer valid for delivery from 04/04/2025 until 13/05/2025,False,4.2,54,False,https://www.tesco.com/groceries/en-GB/products/271241795,https://digitalcontent.api.tesco.com/v2/media/ghs/dd2b4b36-9544-489b-8f73-6b385faa0fe4/5df4d453-7dab-4077-9434-14d463f44d13_680524627.jpeg?h=225&w=225,Food Cupboard,Desserts
271245013,Tesco Ready To Serve Custard 400G,£1.00,£0.25/100g,,,False,,False,3.8,53,False,https://www.tesco.com/groceries/en-GB/products/271245013,https://digitalcontent.api.tesco.com/v2/media/ghs/87afaa77-2423-4c58-92ba-dfd90ac46d35/8d08fc3f-1d6e-4373-984d-8fd6952a764d_259190427.jpeg?h=225&w=225,Food Cupboard,Desserts
271241772,Ambrosia Rice Pudding 400G,£1.60,£0.40/100g,Any 2 for £2 Clubcard Price - Selected Ambrosia Custard And Rice Pudding 390g Or 400g,,True,Offer valid for delivery from 04/04/2025 until 13/05/2025,False,3.9,70,False,https://www.tesco.com/groceries/en-GB/products/271241772,https://digitalcontent.api.tesco.com/v2/media/ghs/9b5ec514-6e99-4d25-8d05-2e2ff38c0cc1/88540337-249f-4800-86ac-d47cfe271adb_836778026.jpeg?h=225&w=225,Food Cupboard,Desserts
271247103,Angel Delight Butterscotch 59G,£0.75,£1.27/100g,,,False,,False,4.6,76,False,https://www.tesco.com/groceries/en-GB/products/271247103,https://digitalcontent.api.tesco.com/v2/media/ghs/2cc4e1e4-f494-4d01-bae0-27689c27cd61/0a10487f-0dd4-4fd5-b86f-27bc54a279b0_212102408.jpeg?h=225&w=225,Food Cupboard,Desserts
271247155,Angel Delight Chocolate 59G,£0.75,£1.27/100g,,,False,,False,4.5,41,False,https://www.tesco.com/groceries/en-GB/products/271247155,https://digitalcontent.api.tesco.com/v2/media/ghs/600c162d-2149-41c1-b787-67cddf3e4805/798992e9-bf68-4ac8-b5f3-09b31a81102f_807948598.jpeg?h=225&w=225,Food Cupboard,Desserts
309185060,Tesco Ready To Serve Custard 500G,£0.70,£0.14/100g,,,False,,False,4.6,260,False,https://www.tesco.com/groceries/en-GB/products/309185060,https://digitalcontent.api.tesco.com/v2/media/ghs/9190ad9e-0976-49f8-95c6-a0ed1be0b8c9/f77d4434-10a8-4178-9c66-922a4ab661a0_870908951.jpeg?h=225&w=225,Food Cupboard,Desserts
256909870,Tesco Evaporated Milk 410G,£0.59,£1.44/kg,,,False,,False,4.6,87,False,https://www.tesco.com/groceries/en-GB/products/256909870,https://digitalcontent.api.tesco.com/v2/media/ghs/feef3e4d-950d-4035-8ef1-4b977c5cbeed/7a2502ef-149f-4549-9368-4205a1c52d55_1668387341.jpeg?h=225&w=225,Food Cupboard,Desserts
300770441,Stockwell & Co. Rice Pudding 400G,£0.29,£0.07/100g,,,False,,False,4.2,109,False,https://www.tesco.com/groceries/en-GB/products/300770441,https://digitalcontent.api.tesco.com/v2/media/ghs/821460bd-73a0-4e93-8674-38f6c2ac9b72/cce203c1-b10b-441a-bfd2-761163502eab_1953469537.jpeg?h=225&w=225,Food Cupboard,Desserts
267377676,Tesco Instant Dried Skimmed Milk 340G,£3.45,£10.15/kg,,,False,,False,3.1,104,False,https://www.tesco.com/groceries/en-GB/products/267377676,https://digitalcontent.api.tesco.com/v2/media/ghs/c6abcc3d-19c6-437a-a8eb-ce722f6627c8/8cd1a59b-8825-462d-a12d-2444605a23d7_515163394.jpeg?h=225&w=225,Food Cupboard,Desserts
254948618,Tesco Meringue Nests 8 Pack,£1.80,£0.22/each,,,False,,False,3.3,38,False,https://www.tesco.com/groceries/en-GB/products/254948618,https://digitalcontent.api.tesco.com/v2/media/ghs/106ee8eb-6a37-4b71-a441-7b3f26914321/18eb000e-5059-4d0f-bdcb-8fa027ff3944_352581675.jpeg?h=225&w=225,Food Cupboard,Desserts
304407982,Askeys Treat Chocolate Topping 325g,£1.75,£0.54/100g,,,False,,False,3.9,8,False,https://www.tesco.com/groceries/en-GB/products/304407982,https://digitalcontent.api.tesco.com/v2/media/ghs/c64d757b-a13c-4a9f-b0e3-2c78d9fc3c03/2f22b987-8ff8-4dbe-b455-43e309d17a89_1207830374.jpeg?h=225&w=225,Food Cupboard,Desserts
283609314,Hartley's 10 Cal Strawberry Flavour Jelly 175g,£0.85,£0.49/100g,,,False,,False,,6,False,https://www.tesco.com/groceries/en-GB/products/283609314,https://digitalcontent.api.tesco.com/v2/media/ghs/99899016-1ee1-48f0-9beb-a97771f2b61a/1959eec2-71dd-45c0-9e55-559c0c861e60_165220683.jpeg?h=225&w=225,Food Cupboard,Desserts
262282229,Hartley's 10 Cal Blueberry & Blackcurrant Flavour Jelly 175g,£0.85,£0.49/100g,,,False,,False,3.3,11,False,https://www.tesco.com/groceries/en-GB/products/262282229,https://digitalcontent.api.tesco.com/v2/media/ghs/4932232f-25e7-4ee0-8a89-bec7b791658d/0165be31-0e05-4989-adf1-d292c0d00e09_1066805970.jpeg?h=225&w=225,Food Cupboard,Desserts
283609677,Hartley's 10 Cal Raspberry Flavour Jelly 175g,£0.85,£0.49/100g,,,False,,False,4.3,7,False,https://www.tesco.com/groceries/en-GB/products/283609677,https://digitalcontent.api.tesco.com/v2/media/ghs/496b75f1-2f89-4369-aa51-b73b7ab761f7/4cef22fb-7985-49ab-adb6-3cbe59e55a4a_1708829274.jpeg?h=225&w=225,Food Cupboard,Desserts
254877391,Tesco Pudding Rice 500G,£1.50,£3.00/kg,,,False,,False,4.2,36,False,https://www.tesco.com/groceries/en-GB/products/254877391,https://digitalcontent.api.tesco.com/v2/media/ghs/798ae1a7-bd5b-4004-9f1d-13c57bbeeec4/snapshotimagehandler_1213262253.jpeg?h=225&w=225,Food Cupboard,Desserts
271246070,Ambrosia Creamed Semolina 400G Tin,£2.20,£0.55/100g,,,False,,False,4.6,54,False,https://www.tesco.com/groceries/en-GB/products/271246070,https://digitalcontent.api.tesco.com/v2/media/ghs/ca136807-76dc-494c-bc52-946216603617/bfcdfe08-8bc7-4478-9f59-ee5f3915b721_2052915540.jpeg?h=225&w=225,Food Cupboard,Desserts
253788048,Dole Peaches In Strawberry Jelly 4X123g,£2.30,£0.47/100g,,,False,,False,3.8,36,False,https://www.tesco.com/groceries/en-GB/products/253788048,https://digitalcontent.api.tesco.com/v2/media/ghs/bbce125f-803a-470f-9c24-bf3745c2d7a8/ea3bb5a8-ebb8-45ed-8e8a-6a1b037b588a_709010771.jpeg?h=225&w=225,Food Cupboard,Desserts
252935942,Auntys Golden Syrup Puddings 2 X 95G,£1.45,£0.76/100g,,,False,,False,2.1,44,False,https://www.tesco.com/groceries/en-GB/products/252935942,https://digitalcontent.api.tesco.com/v2/media/ghs/04dd5a23-22da-4cc4-9ef9-5aaf866e765d/9fc25c5f-dc82-4d87-a168-142a308c9b19_1121869629.jpeg?h=225&w=225,Food Cupboard,Desserts
257842554,Auntys Sticky Toffee Puddings 2 X 95G,£1.45,£0.76/100g,,,False,,False,2.4,35,False,https://www.tesco.com/groceries/en-GB/products/257842554,https://digitalcontent.api.tesco.com/v2/media/ghs/a42b9594-b3b0-43c3-a96d-d1f955f389e4/a4d56b9f-a1fd-43d0-b7d2-bb94b8f63352_13674867.jpeg?h=225&w=225,Food Cupboard,Desserts
306390368,Carnation Caramel Drizzle 450g,£2.50,£0.56/100g,,,False,,False,4.8,123,False,https://www.tesco.com/groceries/en-GB/products/306390368,https://digitalcontent.api.tesco.com/v2/media/ghs/a92df3fd-b89e-41ff-aaa5-86d80b5b947b/c9137e80-eb36-45e9-9343-3406a617b809_298279942.jpeg?h=225&w=225,Food Cupboard,Desserts
254878073,Whitworths Semolina 500G,£1.40,£0.28/100g,,,False,,False,4.6,13,False,https://www.tesco.com/groceries/en-GB/products/254878073,https://digitalcontent.api.tesco.com/v2/media/ghs/22fd500b-38b6-4fb2-b3fa-ef5190867613/02eefa29-fd31-4c12-a6cb-ba4df854ffde_752372023.jpeg?h=225&w=225,Food Cupboard,Desserts
285115872,Tesco Pear And Peach Pieces 4X120g,£1.70,£0.57/100g DR.WT,,,False,,False,4.7,43,False,https://www.tesco.com/groceries/en-GB/products/285115872,https://digitalcontent.api.tesco.com/v2/media/ghs/33cc018b-0159-4609-af99-690dea191a20/d6a38625-f23f-4fbd-874e-093a418e2472_775383359.jpeg?h=225&w=225,Food Cupboard,Desserts
265014780,Edlers Sweet Pastry Case,£1.30,£1.30/each,,,False,,False,3.3,12,False,https://www.tesco.com/groceries/en-GB/products/265014780,https://digitalcontent.api.tesco.com/v2/media/ghs/95910cdd-7eed-4bb1-981f-046847fdf5bd/11d9fc51-c5a3-4f34-b1cb-1e07b46a4822_1402843188.jpeg?h=225&w=225,Food Cupboard,Desserts
260012254,Birds Instant Custard Original 3X75g 225G,£2.20,£0.98/100g,,,False,,False,4.2,43,False,https://www.tesco.com/groceries/en-GB/products/260012254,https://digitalcontent.api.tesco.com/v2/media/ghs/ab3d5266-d168-48fe-8eb8-b00130eb584c/892482b5-9b95-45db-81d1-b4d66b350cf1_998744991.jpeg?h=225&w=225,Food Cupboard,Desserts
300238519,Tesco Finest Meringue Shells 12 Pack,£2.00,£0.17/each,,,False,,False,4.6,66,False,https://www.tesco.com/groceries/en-GB/products/300238519,https://digitalcontent.api.tesco.com/v2/media/ghs/a44925a1-e8dd-4888-b435-01284d15d0ee/6b58f615-6e1c-4a21-89a5-d7276dbda220_1899354345.jpeg?h=225&w=225,Food Cupboard,Desserts
260491872,Carnation Caramel Dessert Filling Tin 397g,£1.90,£4.79/kg,,,False,,False,4.9,412,False,https://www.tesco.com/groceries/en-GB/products/260491872,https://digitalcontent.api.tesco.com/v2/media/ghs/564b82d5-ee9a-4a61-8d8f-140c2cc1512b/c5114a26-eb0f-432d-9960-f10ef848941d_1215338843.jpeg?h=225&w=225,Food Cupboard,Desserts
252470498,Hartleys Blackcurrant Jelly 135G,,,,,False,,False,4.8,11,False,https://www.tesco.com/groceries/en-GB/products/252470498,https://digitalcontent.api.tesco.com/v2/media/ghs/b719c069-578a-4576-8fca-600257455bff/1594aa28-52d3-444c-b8be-3f38fcb9414a_1392952636.jpeg?h=225&w=225,Food Cupboard,Desserts
263029777,Hartley's Sugar Free Jelly - Raspberry 115g,£0.80,£0.70/100g,,,False,,False,4.1,17,False,https://www.tesco.com/groceries/en-GB/products/263029777,https://digitalcontent.api.tesco.com/v2/media/ghs/010cfb08-3063-404f-893e-63a0666048de/2c56faa5-ec98-4a1b-8287-7c4c23167d4f_446280439.jpeg?h=225&w=225,Food Cupboard,Desserts
252468398,Hartley's Jelly - Orange Flavour 125g,£0.80,£0.64/100g,,,False,,False,2.5,8,False,https://www.tesco.com/groceries/en-GB/products/252468398,https://digitalcontent.api.tesco.com/v2/media/ghs/1ae6eb4c-4e7e-4185-8a63-7c9510aeefa5/719f18c5-c75c-4a29-8874-6dcd125ae370_122649715.jpeg?h=225&w=225,Food Cupboard,Desserts
285104453,Tesco Mandarin In Orange Flavour Jelly 4 x 120g,£1.70,£0.35/100g,,,False,,False,3.3,37,False,https://www.tesco.com/groceries/en-GB/products/285104453,https://digitalcontent.api.tesco.com/v2/media/ghs/5b5d06b3-c77d-482c-930b-41e3878b0120/0d9c6237-8338-46b4-a2f9-952907da095f_901345139.jpeg?h=225&w=225,Food Cupboard,Desserts
252395497,Carnation Light Evaporated Milk Tin 410g,£1.40,£3.42/kg,,,False,,False,4.8,126,False,https://www.tesco.com/groceries/en-GB/products/252395497,https://digitalcontent.api.tesco.com/v2/media/ghs/f0d51eec-1972-448e-a710-31e186f99484/234ed93b-6589-4e62-94b6-c73e440faf0d_761358193.jpeg?h=225&w=225,Food Cupboard,Desserts
252467998,Hartley's Jelly - Blackcurrant Flavour 125g,£0.80,£0.64/100g,,,False,,False,2.4,7,False,https://www.tesco.com/groceries/en-GB/products/252467998,https://digitalcontent.api.tesco.com/v2/media/ghs/032738dc-ab5f-40ce-a515-144d510bbfaa/4b2b3dbf-6b52-4cbd-9ae5-918a08ea1faf_2124885857.jpeg?h=225&w=225,Food Cupboard,Desserts
252465758,Hartley's Jelly - Lemon & Lime Flavour 125g,£0.80,£0.64/100g,,,False,,False,4.2,4,False,https://www.tesco.com/groceries/en-GB/products/252465758,https://digitalcontent.api.tesco.com/v2/media/ghs/192fb064-4d92-437a-86f9-7870c0081e6c/e7656382-2dbb-45e5-bcf7-b0aeca94f042_1039964475.jpeg?h=225&w=225,Food Cupboard,Desserts
311433381,Tesco Reduced Fat Custard 1Kg,£1.40,£0.14/100g,,,False,,False,4.8,67,False,https://www.tesco.com/groceries/en-GB/products/311433381,https://digitalcontent.api.tesco.com/v2/media/ghs/9a72c946-4702-4bf4-bddd-1f3a7d39a73b/9424d811-09a1-4ccc-b5bd-f89537d8c8fe_441009184.jpeg?h=225&w=225,Food Cupboard,Desserts
309494811,Ambrosia Light Devon Custard 1 Kilograms,£3.00,£0.30/100g,£1.95 Save 1/3 Clubcard Price,(£0.20/100g),True,Offer valid for delivery from 31/03/2025 until 21/04/2025,False,4.7,85,False,https://www.tesco.com/groceries/en-GB/products/309494811,https://digitalcontent.api.tesco.com/v2/media/ghs/d0c6f5d5-071c-4c16-9353-992bab74e820/c85fed99-30ca-40cc-b939-4ae2a5fa614a_1606384003.jpeg?h=225&w=225,Food Cupboard,Desserts
311227527,Tesco Reduced Fat Rice Pudding 400G,£0.80,£0.20/100g,,,False,,False,4.6,42,False,https://www.tesco.com/groceries/en-GB/products/311227527,https://digitalcontent.api.tesco.com/v2/media/ghs/8a61a45f-192c-4e94-a623-84a16f4d46ce/fc41d41c-d21b-4358-97ee-0c6604ead1b9_1292887327.jpeg?h=225&w=225,Food Cupboard,Desserts
277063823,Birds Dream Topping 36G,£1.30,£3.61/100g,,,False,,False,4.6,43,False,https://www.tesco.com/groceries/en-GB/products/277063823,https://digitalcontent.api.tesco.com/v2/media/ghs/11851d86-4cda-4f36-a698-357795b38859/a92faa1c-763e-4649-aa73-23f063cce3cf_774270254.jpeg?h=225&w=225,Food Cupboard,Desserts
309464853,Ambrosia Deluxe Custard 400G,£2.20,£0.55/100g,,,False,,False,4.5,47,False,https://www.tesco.com/groceries/en-GB/products/309464853,https://digitalcontent.api.tesco.com/v2/media/ghs/1feedb65-1d20-4c66-8819-b768eea23c8c/591c8a93-41b7-4f18-bd6c-c42197ef3274_1474990818.jpeg?h=225&w=225,Food Cupboard,Desserts
297609696,Ambrosia Rice Pudding 150G,£0.95,£0.63/100g,Any 3 for £2 Clubcard Price - Selected Ambrosia Custard And Rice Pudding 150g,,True,Offer valid for delivery from 29/03/2025 until 28/03/2026,False,4.8,41,False,https://www.tesco.com/groceries/en-GB/products/297609696,https://digitalcontent.api.tesco.com/v2/media/ghs/522a86a8-558d-4860-85f0-df390f83e216/085d2155-0b80-452b-a96a-11d1e5578ac2_2033906144.jpeg?h=225&w=225,Food Cupboard,Desserts
304394534,Ambrosia Chocolate Devon Custard 400G,£1.60,£0.40/100g,Any 2 for £2 Clubcard Price - Selected Ambrosia Custard And Rice Pudding 390g Or 400g,,True,Offer valid for delivery from 04/04/2025 until 13/05/2025,False,4.8,37,False,https://www.tesco.com/groceries/en-GB/products/304394534,https://digitalcontent.api.tesco.com/v2/media/ghs/7e6a806d-f1fa-43ed-b079-fb38948875d7/164329b9-6e51-44e5-8377-fc854eaaf9e3_1668182908.jpeg?h=225&w=225,Food Cupboard,Desserts
297609454,Ambrosia Devon Custard Chocolate 150G,£0.95,£0.63/100g,Any 3 for £2 Clubcard Price - Selected Ambrosia Custard And Rice Pudding 150g,,True,Offer valid for delivery from 29/03/2025 until 28/03/2026,False,4.8,39,False,https://www.tesco.com/groceries/en-GB/products/297609454,https://digitalcontent.api.tesco.com/v2/media/ghs/070fea2b-4489-486f-aa1b-60eaa05b9c96/30caeae1-ca63-48fb-b34b-1297d4b890d3_1060427852.jpeg?h=225&w=225,Food Cupboard,Desserts
304402019,Angel Delight No Added Sugar Butterscotch 47G,£0.75,£1.60/100g,,,False,,False,4.6,37,False,https://www.tesco.com/groceries/en-GB/products/304402019,https://digitalcontent.api.tesco.com/v2/media/ghs/26d0203b-5d24-4f0c-98ec-b77ccbf72c81/25bfc7d2-8874-4fad-a581-24d4c4452665_938595199.jpeg?h=225&w=225,Food Cupboard,Desserts
311440556,Tesco Reduced Fat Custard 500G,£0.70,£0.14/100g,,,False,,False,4.7,106,False,https://www.tesco.com/groceries/en-GB/products/311440556,https://digitalcontent.api.tesco.com/v2/media/ghs/7598db81-1722-46f8-bccd-2efeb189783f/691b0aa9-23d2-4d0f-b9d1-c5c3c1909593_120569770.jpeg?h=225&w=225,Food Cupboard,Desserts
310663484,Marvel Original Dried Skimmed Milk 250G,£4.50,£1.80/100g,,,False,,False,4.7,37,False,https://www.tesco.com/groceries/en-GB/products/310663484,https://digitalcontent.api.tesco.com/v2/media/ghs/454c5fdb-e3a5-4208-b402-25de203801b2/645b653c-eb63-4262-8381-7cbc13d399f7_1187528235.jpeg?h=225&w=225,Food Cupboard,Desserts
300345916,Tesco Finest Salted Caramel Sauce 250G,£3.00,£1.20/100g,,,False,,False,4.7,27,False,https://www.tesco.com/groceries/en-GB/products/300345916,https://digitalcontent.api.tesco.com/v2/media/ghs/52e37874-212b-46f4-bf52-69d01fe209d7/f63c42e2-736b-4f6c-81ee-9b47bb2248c3_859511905.jpeg?h=225&w=225,Food Cupboard,Desserts
311213941,Oggs Vegan Mini Vanilla Cupcakes 9 Pack 180G,£4.15,£2.31/100g,£3.25 Clubcard Price,(£1.81/100g),True,Offer valid for delivery from 01/04/2025 until 21/04/2025,False,4.7,19,False,https://www.tesco.com/groceries/en-GB/products/311213941,https://digitalcontent.api.tesco.com/v2/media/ghs/837a62be-005a-4f52-b030-ded69c8e70af/890573c6-1daa-4a8b-8d80-e16cf1455873_388489949.jpeg?h=225&w=225,Food Cupboard,Desserts
302707768,Tesco Finest Alphonso Mango & Passion Fruit Coulis 275G,£2.75,£1.00/100g,,,False,,False,4.6,25,False,https://www.tesco.com/groceries/en-GB/products/302707768,https://digitalcontent.api.tesco.com/v2/media/ghs/c46d3321-3970-4322-8a84-80b5d2011bc6/9e2c4246-ed3a-44ab-899b-c933881220a2_265974711.jpeg?h=225&w=225,Food Cupboard,Desserts
278831973,Sweet Freedom Choc Shot Hot Chocolate 320g,£3.50,£1.09/100g,,,False,,False,4.3,33,False,https://www.tesco.com/groceries/en-GB/products/278831973,https://digitalcontent.api.tesco.com/v2/media/ghs/a7ea87e0-c24f-44c2-842d-2d886896d614/c1d45122-67b6-4020-b42b-63db3830ebdf_788996288.jpeg?h=225&w=225,Food Cupboard,Desserts
251084982,Askeys Treat Strawberry Sauce 325G,£1.75,£0.54/100g,,,False,,False,2.6,5,False,https://www.tesco.com/groceries/en-GB/products/251084982,https://digitalcontent.api.tesco.com/v2/media/ghs/09dd20da-1bb9-4b77-a4b3-f21beef9fb7b/c008184d-af0e-47bb-ba25-43b10141703f_1800489573.jpeg?h=225&w=225,Food Cupboard,Desserts
251084878,Askeys Treat Toffee Sauce 325G,£1.75,£0.54/100g,,,False,,False,3.6,10,False,https://www.tesco.com/groceries/en-GB/products/251084878,https://digitalcontent.api.tesco.com/v2/media/ghs/1271d9ec-a6d3-448f-a883-5a7b4f37c8f4/54b68d1a-b327-4f15-a51d-3e6ae765a2ea_56801021.jpeg?h=225&w=225,Food Cupboard,Desserts
274550188,Ambrosia Creamed Tapioca 385G Tin,£2.20,£0.57/100g,,,False,,False,4.4,52,False,https://www.tesco.com/groceries/en-GB/products/274550188,https://digitalcontent.api.tesco.com/v2/media/ghs/cd98ce33-c4da-44ff-a35e-e741798ebff8/46c8eeea-89ca-4e87-ba1a-36856c8039b8_2063079108.jpeg?h=225&w=225,Food Cupboard,Desserts
302196419,Green's Red Quick Jel 35g,£0.60,£1.71/100g,,,False,,False,3.5,8,False,https://www.tesco.com/groceries/en-GB/products/302196419,https://digitalcontent.api.tesco.com/v2/media/ghs/ecb73313-8289-4bc2-b57c-67062ba50949/c48ac119-21ce-4fe2-b08d-96c66000070d_273414327.jpeg?h=225&w=225,Food Cupboard,Desserts
251085203,Askeys Treat Chocolate Chunk Crackin 225G,£1.75,£0.78/100g,,,False,,False,2.7,25,False,https://www.tesco.com/groceries/en-GB/products/251085203,https://digitalcontent.api.tesco.com/v2/media/ghs/a5479c49-6ffc-4d5a-b237-d9b3d25eb570/ce92ff14-5349-4fb0-b85c-cef96008ed23_1236912968.jpeg?h=225&w=225,Food Cupboard,Desserts
260667056,Hartley's Ready To Eat Reduced Sugar Mango & Passion Fruit Jelly 175G,£0.85,£0.49/100g,,,False,,False,1.7,6,False,https://www.tesco.com/groceries/en-GB/products/260667056,https://digitalcontent.api.tesco.com/v2/media/ghs/49547d88-7060-40a8-8521-5d3faeb3fda3/aa7911a8-d245-4c38-b7e8-6c40468f564d_266487921.jpeg?h=225&w=225,Food Cupboard,Desserts
272484194,Mr Freeze Jubbly Ice Lollies Orange 8 X 62Ml,£1.65,£0.33/100ml,,,False,,False,2.1,11,False,https://www.tesco.com/groceries/en-GB/products/272484194,https://digitalcontent.api.tesco.com/v2/media/ghs/2b1f218e-f7b8-479c-8b68-542c59ce87cc/f7486311-8001-4a70-be11-1970da0f6b60_319475039.jpeg?h=225&w=225,Food Cupboard,Desserts
272504593,Mr Freeze Jubbly Strawberry Ice Lollies 8 x 62ml,£1.65,£0.33/100ml,,,False,,False,,1,False,https://www.tesco.com/groceries/en-GB/products/272504593,https://digitalcontent.api.tesco.com/v2/media/ghs/d09e4aee-caa0-43bd-9551-97b6e825ae59/77b2ef68-74c1-4d03-b656-84092013f1e2_1390212926.jpeg?h=225&w=225,Food Cupboard,Desserts
271245404,Ambrosia Creamed Rice Sultanas & Nutmeg 400G Tin,£2.20,£0.55/100g,,,False,,False,4.2,53,False,https://www.tesco.com/groceries/en-GB/products/271245404,https://digitalcontent.api.tesco.com/v2/media/ghs/b4919007-f34e-4a65-91c7-f3e018d25cd8/6a3eff02-2859-4def-9116-f7d4c455b78d_969995524.jpeg?h=225&w=225,Food Cupboard,Desserts
255937025,Dole Fruit Bowl Mandarins In Juice 4 X 113G,£2.30,£0.85/100g DR.WT,£1.50 Save 1/3 Clubcard Price,(£0.55/100g DR.WT),True,Offer valid for delivery from 16/04/2025 until 13/05/2025,False,4.4,9,False,https://www.tesco.com/groceries/en-GB/products/255937025,https://digitalcontent.api.tesco.com/v2/media/ghs/1cb1faee-053c-4fd6-83a2-065ceee1cf5f/47ce4fca-8b08-4ddb-b89d-cb6720dcf518_201709756.jpeg?h=225&w=225,Food Cupboard,Desserts
289600026,Dole Fruit Salad With Cherry 4X113g,£2.30,£0.88/100g DR.WT,£1.50 Save 1/3 Clubcard Price,(£0.58/100g DR.WT),True,Offer valid for delivery from 16/04/2025 until 13/05/2025,False,4.2,6,False,https://www.tesco.com/groceries/en-GB/products/289600026,https://digitalcontent.api.tesco.com/v2/media/ghs/a234c055-a5a5-48f7-a072-74e26786555b/448f8d84-7c2e-49bb-890d-5f1631436986_1061486608.jpeg?h=225&w=225,Food Cupboard,Desserts
252017140,Dole Fruit In Orange Flavour Jelly - Mandarins 4 x 123g,£2.30,£0.47/100g,,,False,,False,3.2,50,False,https://www.tesco.com/groceries/en-GB/products/252017140,https://digitalcontent.api.tesco.com/v2/media/ghs/51af19cb-b4b6-47ff-8ca2-b3bfce30eea1/1bd0cf6f-a7cd-4fe7-a56d-6b21ee9a20e3_1051189263.jpeg?h=225&w=225,Food Cupboard,Desserts
255933191,Dole Fruit Bowl Peaches In Juice 4X113g,£2.30,£0.88/100g DR.WT,£1.50 Save 1/3 Clubcard Price,(£0.58/100g DR.WT),True,Offer valid for delivery from 16/04/2025 until 13/05/2025,False,3.6,10,False,https://www.tesco.com/groceries/en-GB/products/255933191,https://digitalcontent.api.tesco.com/v2/media/ghs/ae0f88d5-bff2-412d-aec5-7cf0856035f5/08c278cf-461c-436d-a858-389a83869b6c_429825282.jpeg?h=225&w=225,Food Cupboard,Desserts
272478231,Mr Freeze Jubbly Cola Ice Lollies 8 x 62ml,£1.65,£0.33/100ml,,,False,,False,2.7,6,False,https://www.tesco.com/groceries/en-GB/products/272478231,https://digitalcontent.api.tesco.com/v2/media/ghs/a8a45b47-a896-42ce-870b-7c01f6de819f/bd2358e0-f6a3-4e0e-9723-1e4f2676e54c_1798638492.jpeg?h=225&w=225,Food Cupboard,Desserts
306405480,Carnation Original Drizzle Condensed Milk Dessert Sauce Bottle 450g,£2.50,£0.56/100g,,,False,,False,4.7,59,False,https://www.tesco.com/groceries/en-GB/products/306405480,https://digitalcontent.api.tesco.com/v2/media/ghs/6af3ef44-c1a2-4587-bd9d-d569f8324f31/27a603c2-2f4d-459e-b14f-010d8a73f46b_1071207966.jpeg?h=225&w=225,Food Cupboard,Desserts
255569783,Askeys Round Icecream Cones 21Pk,£1.70,£0.08/each,,,False,,False,2.4,14,False,https://www.tesco.com/groceries/en-GB/products/255569783,https://digitalcontent.api.tesco.com/v2/media/ghs/b280222f-e1b9-4aff-be74-dca2ababa384/a7a8dcfc-6e17-4fa7-ab63-b2da8a3f14d0_564924286.jpeg?h=225&w=225,Food Cupboard,Desserts
255375088,Auntys Strawberry Puddings 2X95g,£1.45,£0.76/100g,,,False,,False,2.7,12,False,https://www.tesco.com/groceries/en-GB/products/255375088,https://digitalcontent.api.tesco.com/v2/media/ghs/26cdedd0-638c-43ee-af44-972cddaa5858/f056df33-e145-4d51-9877-329f6cebb71f_334875840.jpeg?h=225&w=225,Food Cupboard,Desserts
257804243,Auntys Spotted Dick Puddings 2 Pack 190G,£1.45,£0.76/100g,,,False,,False,,25,False,https://www.tesco.com/groceries/en-GB/products/257804243,https://digitalcontent.api.tesco.com/v2/media/ghs/ec5cd94e-189d-4123-a6d0-0ad8d30e8f09/9a6185f0-c16b-4aae-88e7-910307f6d79b_800421672.jpeg?h=225&w=225,Food Cupboard,Desserts
282663751,Mr Kipling Sponge Pudding Lemon 2X95g,£2.35,£1.24/100g,,,False,,False,4.6,39,False,https://www.tesco.com/groceries/en-GB/products/282663751,https://digitalcontent.api.tesco.com/v2/media/ghs/f7ec2f51-991f-4a3c-96e4-a9e2f204cae6/00e59a45-b532-461c-a43d-598b6b5d4bd5_10614798.jpeg?h=225&w=225,Food Cupboard,Desserts
285104142,Tesco Peach & Pear in Tropical Flavour Jelly 4 x 120g,£1.70,£0.35/100g,,,False,,False,4.4,29,False,https://www.tesco.com/groceries/en-GB/products/285104142,https://digitalcontent.api.tesco.com/v2/media/ghs/c50a58ea-740e-4310-8897-db28f1cc738b/85763d11-e95f-4c42-9aa1-ced3b5792bbe_1892434862.jpeg?h=225&w=225,Food Cupboard,Desserts
265014820,Edler's Savoury Pastry Case,£1.30,£1.30/each,,,False,,False,3.7,21,False,https://www.tesco.com/groceries/en-GB/products/265014820,https://digitalcontent.api.tesco.com/v2/media/ghs/6f1e1c9f-ec1f-4af1-a281-4fc8d2947c75/b6b2c426-8c1f-41f3-822e-7f5a418b812f_1883869230.jpeg?h=225&w=225,Food Cupboard,Desserts
258573778,Tesco Peach Pieces 4 x 120g,£1.70,£0.53/100g DR.WT,,,False,,False,4.5,32,False,https://www.tesco.com/groceries/en-GB/products/258573778,https://digitalcontent.api.tesco.com/v2/media/ghs/9f5dbc1f-a99e-4931-8f07-1a4a090b48a2/0e6d778e-8953-4f08-a002-533f1e67d32d_531808376.jpeg?h=225&w=225,Food Cupboard,Desserts
276186011,Tesco Peach in Mango Flavour Jelly 4 x 120g,£1.70,£0.35/100g,,,False,,False,4.8,38,False,https://www.tesco.com/groceries/en-GB/products/276186011,https://digitalcontent.api.tesco.com/v2/media/ghs/e93ad01f-7b56-4c3c-ba2b-ccf48d192995/24bdad29-5101-45b8-ab71-c9ef93931d01_1634519838.jpeg?h=225&w=225,Food Cupboard,Desserts
309458573,Ambrosia Light 30% Less Sugar & Fat Custard 500G,£2.00,£0.40/100g,,,False,,False,4.7,73,False,https://www.tesco.com/groceries/en-GB/products/309458573,https://digitalcontent.api.tesco.com/v2/media/ghs/7003ba34-25d0-4b24-92dd-c028ae384d37/86f3b643-5af8-41c5-aafe-fa3dc4a6c0db_81763659.jpeg?h=225&w=225,Food Cupboard,Desserts
297609650,Ambrosia Light Devon Custard 150G,£0.95,£0.63/100g,Any 3 for £2 Clubcard Price - Selected Ambrosia Custard And Rice Pudding 150g,,True,Offer valid for delivery from 29/03/2025 until 28/03/2026,False,4.8,38,False,https://www.tesco.com/groceries/en-GB/products/297609650,https://digitalcontent.api.tesco.com/v2/media/ghs/f2ad0b4d-676a-4d1c-8d86-740d5c61b0ea/252f1352-b6ed-4d9a-83d5-9a93659033b4_1456812129.jpeg?h=225&w=225,Food Cupboard,Desserts
254915928,Greens Lemon Pie Filling Mix 2 X 70G,,,,,False,,False,2.3,19,False,https://www.tesco.com/groceries/en-GB/products/254915928,https://digitalcontent.api.tesco.com/v2/media/ghs/35fdb9ee-0335-4de1-b971-829f9563e876/ad91ba62-fe29-4c72-bfeb-6e00cf679f8d_895549484.jpeg?h=225&w=225,Food Cupboard,Desserts
261048135,Greens Classic Carmelle Dessert Mix 70G,£0.80,£1.14/100g,,,False,,False,,7,False,https://www.tesco.com/groceries/en-GB/products/261048135,https://digitalcontent.api.tesco.com/v2/media/ghs/6c6a480c-5a46-481c-b54c-3ec01cd8f5c4/2c70d994-1cd8-46b3-a6e5-a75f2da81301_655475021.jpeg?h=225&w=225,Food Cupboard,Desserts
283645915,Tesco 10 Waffle Cones,£1.40,£0.14/each,,,False,,False,4.2,36,False,https://www.tesco.com/groceries/en-GB/products/283645915,https://digitalcontent.api.tesco.com/v2/media/ghs/046bc699-1ff2-443f-a8dc-f98f5e54296d/8841d6cc-f85e-4f51-b4db-c3c1cdab1931_61830819.jpeg?h=225&w=225,Food Cupboard,Desserts
282645404,Ambrosia My Mini Rice 6 x 55g,£2.50,£0.76/100g,,,False,,False,4.6,40,False,https://www.tesco.com/groceries/en-GB/products/282645404,https://digitalcontent.api.tesco.com/v2/media/ghs/4871bb11-0b32-4e83-92e7-2314406f3574/a6f76688-0515-4f1c-a1b5-60a0a2fe4ef9_1772713423.jpeg?h=225&w=225,Food Cupboard,Desserts
262188451,Hartleys Sugar Free Lemon & Lime Jelly 23G,£1.10,£4.78/100g,,,False,,False,3.7,6,False,https://www.tesco.com/groceries/en-GB/products/262188451,https://digitalcontent.api.tesco.com/v2/media/ghs/db54531b-3bca-4d69-bdd1-b2fb426661d1/deec3d83-6b77-4fde-9018-f73ce0f82d90_967587615.jpeg?h=225&w=225,Food Cupboard,Desserts
297609270,Ambrosia Light Rice Pudding 150G,£0.95,£0.63/100g,Any 3 for £2 Clubcard Price - Selected Ambrosia Custard And Rice Pudding 150g,,True,Offer valid for delivery from 29/03/2025 until 28/03/2026,False,4.6,46,False,https://www.tesco.com/groceries/en-GB/products/297609270,https://digitalcontent.api.tesco.com/v2/media/ghs/85fee2b9-8717-4687-88ec-a5f8a8bdd082/92366935-512e-4d5e-a067-779c486d6a21_1835649324.jpeg?h=225&w=225,Food Cupboard,Desserts
297609212,Ambrosia Devon Custard Strawberry 150G,£0.95,£0.63/100g,Any 3 for £2 Clubcard Price - Selected Ambrosia Custard And Rice Pudding 150g,,True,Offer valid for delivery from 29/03/2025 until 28/03/2026,False,4.7,47,False,https://www.tesco.com/groceries/en-GB/products/297609212,https://digitalcontent.api.tesco.com/v2/media/ghs/83e00a84-6c5f-41ed-82fc-9c5629b34708/0ffdaf45-0c43-491a-9d0d-5577f851b3af_1534894355.jpeg?h=225&w=225,Food Cupboard,Desserts
288716611,Tesco Sweetened Condensed Milk 397G,£0.89,£2.24/kg,,,False,,False,4.9,89,False,https://www.tesco.com/groceries/en-GB/products/288716611,https://digitalcontent.api.tesco.com/v2/media/ghs/beb6d39f-93b9-4deb-a391-af714d7a9321/78f62377-b349-489b-ab45-d79fbd702dc9_310187326.jpeg?h=225&w=225,Food Cupboard,Desserts
311428946,Oggs Vegan Victoria Sponge Cakes 4 Pack 184G,£4.10,£2.23/100g,£3.25 Clubcard Price,(£1.77/100g),True,Offer valid for delivery from 01/04/2025 until 21/04/2025,False,3.6,21,False,https://www.tesco.com/groceries/en-GB/products/311428946,https://digitalcontent.api.tesco.com/v2/media/ghs/b310a7c6-3c6e-446f-90fe-9266dee5f005/237ba385-a26e-4696-98f7-2dae0037f9a2_322102023.jpeg?h=225&w=225,Food Cupboard,Desserts
318192423,Ambrosia Ready To Eat Creamed Rice Pudding 4 X 120G,£2.95,£0.62/100g,,,False,,False,4.8,21,False,https://www.tesco.com/groceries/en-GB/products/318192423,https://digitalcontent.api.tesco.com/v2/media/ghs/6ed58a44-cf1a-41b2-81bc-9ebd90a0d602/66e9829a-874f-4663-8f85-e0f8a809c0e1_1615227952.jpeg?h=225&w=225,Food Cupboard,Desserts
318069227,Ambrosia Ready To Eat Chocolate Devon Custard 4 X 120G,£2.95,£0.62/100g,,,False,,False,4.7,18,False,https://www.tesco.com/groceries/en-GB/products/318069227,https://digitalcontent.api.tesco.com/v2/media/ghs/4300e50b-66b8-4782-99e0-3893827c21ea/c8ee17cd-8fe8-459a-89fd-8b2e7234bda2_852397334.jpeg?h=225&w=225,Food Cupboard,Desserts
318183244,Ambrosia Ready To Eat Light Devon Custard 4 X 120G,£2.95,£0.62/100g,,,False,,False,4.9,22,False,https://www.tesco.com/groceries/en-GB/products/318183244,https://digitalcontent.api.tesco.com/v2/media/ghs/50c0f5f9-6f18-4dd3-867b-426cb81f79fb/04219e4a-85b1-4b08-ac34-4150e44a7b60_586242391.jpeg?h=225&w=225,Food Cupboard,Desserts
318088812,Ambrosia Ready To Eat Devon Custard 4 X 120G,£2.95,£0.62/100g,,,False,,False,4.8,19,False,https://www.tesco.com/groceries/en-GB/products/318088812,https://digitalcontent.api.tesco.com/v2/media/ghs/a84193ff-e3b9-4517-9096-ff9c16be38e6/a4099034-bfc9-429d-8dbf-a0614ed0d636_44872575.jpeg?h=225&w=225,Food Cupboard,Desserts
286581530,Cadbury Milk Chocolate Puddings 2X95g,£2.35,£1.24/100g,£1.50 Clubcard Price,(£0.79/100g),True,Offer valid for delivery from 16/04/2025 until 13/05/2025,False,3.4,51,False,https://www.tesco.com/groceries/en-GB/products/286581530,https://digitalcontent.api.tesco.com/v2/media/ghs/fc2d3c7e-167b-4511-83a7-5599f6fa4d46/f88a58d7-236b-4407-84ac-d9bafe8656d6_1889475575.jpeg?h=225&w=225,Food Cupboard,Desserts
316951433,Hartley's 10 Cal Flavour Jelly - Strawberry 6 x 175g,£3.00,£0.29/100g,,,False,,False,,,False,https://www.tesco.com/groceries/en-GB/products/316951433,https://digitalcontent.api.tesco.com/v2/media/ghs/1237901f-ad1e-43eb-84c5-a020d108ea91/6d5005b8-4668-4ebc-92ac-d9b34c35ba9b_1389660383.jpeg?h=225&w=225,Food Cupboard,Desserts
317305184,Hartley's 10 Cal Raspberry Flavour Jelly 6 x 175g,,,,,False,,False,,,False,https://www.tesco.com/groceries/en-GB/products/317305184,https://digitalcontent.api.tesco.com/v2/media/ghs/43f2e38e-bf03-47a0-b224-892b18cfbb70/2fada792-b9e8-46b1-b63b-96fb7dd3a584_302770582.jpeg?h=225&w=225,Food Cupboard,Desserts
316952144,Hartley's Strawberry Flavour Jelly 6 x 125g,£2.25,£0.21/100g,,,False,,False,,,False,https://www.tesco.com/groceries/en-GB/products/316952144,https://digitalcontent.api.tesco.com/v2/media/ghs/0df08ca3-474a-4912-81f1-fd0756e628ec/bf25ef8a-901d-419c-9bd6-12b54b433458_1322815585.jpeg?h=225&w=225,Food Cupboard,Desserts
317068210,Hartley's Raspberry Flavour Jelly 6 x 125g,£2.25,£0.30/100g,,,False,,False,,,False,https://www.tesco.com/groceries/en-GB/products/317068210,https://digitalcontent.api.tesco.com/v2/media/ghs/06781205-24cf-440d-a3a2-e6b6b86611df/3c716e53-6e22-4c03-80ab-fef597939628_1762427374.jpeg?h=225&w=225,Food Cupboard,Desserts
317285868,Hartley's No Added Sugar Strawberry Flavour Jelly 4x115g,,,£1.50 Save 25% Clubcard Price,(£0.33/100g),True,Offer valid for delivery from 16/04/2025 until 13/05/2025,False,,1,False,https://www.tesco.com/groceries/en-GB/products/317285868,https://digitalcontent.api.tesco.com/v2/media/ghs/074fa4d2-21d5-49c5-958e-8e642f71d1bc/616ce165-504c-4711-90a0-b951becae594_2125220525.jpeg?h=225&w=225,Food Cupboard,Desserts
316926084,Hartley's No Added Sugar Jelly - Raspberry Flavour 4x115g,£2.00,£0.44/100g,£1.50 Save 25% Clubcard Price,(£0.33/100g),True,Offer valid for delivery from 16/04/2025 until 13/05/2025,False,,,False,https://www.tesco.com/groceries/en-GB/products/316926084,https://digitalcontent.api.tesco.com/v2/media/ghs/3069254a-612f-44d9-8190-24cd61d9a9cc/87a74814-8775-46c0-b8f3-3128930a7f0f_207159229.jpeg?h=225&w=225,Food Cupboard,Desserts
317194492,Hartley's Orange Flavour Jelly 4 x 125g,£2.00,£0.40/100g,£1.50 Save 25% Clubcard Price,(£0.30/100g),True,Offer valid for delivery from 16/04/2025 until 13/05/2025,False,,,False,https://www.tesco.com/groceries/en-GB/products/317194492,https://digitalcontent.api.tesco.com/v2/media/ghs/01df4c05-5fbb-4112-a4d2-46f252dfbff1/dc1a8d86-6eca-41c6-bd8b-1295c5b00fcb_291128182.jpeg?h=225&w=225,Food Cupboard,Desserts
316931768,Hartley's Strawberry Flavour Jelly 4 x 125g,£2.00,£0.40/100g,£1.50 Save 25% Clubcard Price,(£0.30/100g),True,Offer valid for delivery from 16/04/2025 until 13/05/2025,False,,,False,https://www.tesco.com/groceries/en-GB/products/316931768,https://digitalcontent.api.tesco.com/v2/media/ghs/445b7ebf-ecdf-4697-a966-3c2dcf63e1ac/5fe9afd8-835d-4ed7-bab1-6e5141c968e3_1932927800.jpeg?h=225&w=225,Food Cupboard,Desserts
302170860,Dole Tropical Fruit in Juice 4 x 113g,£2.30,£0.51/100g DR.WT,£1.50 Save 1/3 Clubcard Price,(£0.33/100g DR.WT),True,Offer valid for delivery from 16/04/2025 until 13/05/2025,False,3.3,3,False,https://www.tesco.com/groceries/en-GB/products/302170860,https://digitalcontent.api.tesco.com/v2/media/ghs/6a0296a4-b878-4a28-8b1c-8f1c3ee1630c/2343c3e1-65df-4009-b98a-6b179c6a290f_716668923.jpeg?h=225&w=225,Food Cupboard,Desserts
257982218,Dole Mixed Fruit In Peach Jelly 4X123g,£2.30,£0.47/100g DR.WT,,,False,,False,3.7,3,False,https://www.tesco.com/groceries/en-GB/products/257982218,https://digitalcontent.api.tesco.com/v2/media/ghs/435af4d4-c471-4006-aa58-ee71f7353f42/a3066aa2-f94e-476f-861b-65ac7435c656_49287778.jpeg?h=225&w=225,Food Cupboard,Desserts
317307343,Hartley's 10 Cal Blueberry & Blackcurrant Flavour Jelly 4x175g,£2.80,£0.40/100g,£2.00 Clubcard Price,(£0.29/100g),True,Offer valid for delivery from 31/03/2025 until 21/04/2025,False,,,False,https://www.tesco.com/groceries/en-GB/products/317307343,https://digitalcontent.api.tesco.com/v2/media/ghs/42283254-93f2-4dfb-8d55-20f4f568f53e/13fc050c-adb1-482b-b16b-80a1df65dd0a_852085391.jpeg?h=225&w=225,Food Cupboard,Desserts
316926308,Hartley's 10 Cal Raspberry Flavour Jelly 4x175g,,,£2.00 Clubcard Price,(£0.29/100g),True,Offer valid for delivery from 31/03/2025 until 21/04/2025,False,,,False,https://www.tesco.com/groceries/en-GB/products/316926308,https://digitalcontent.api.tesco.com/v2/media/ghs/5cc39393-bed8-4488-8eed-e2afcf66ee69/76ff99ec-d63e-4044-b329-506c81ee3f28_1319724120.jpeg?h=225&w=225,Food Cupboard,Desserts
317188200,Hartley's 10 Cal Strawberry Flavour Jelly 4x175g,£2.80,£0.40/100g,£2.00 Clubcard Price,(£0.29/100g),True,Offer valid for delivery from 31/03/2025 until 21/04/2025,False,,,False,https://www.tesco.com/groceries/en-GB/products/317188200,https://digitalcontent.api.tesco.com/v2/media/ghs/ab1f41f2-7975-4d5c-9b77-338aedc0380f/cfd0c9c1-f610-4920-9607-31c207a6ed47_596569322.jpeg?h=225&w=225,Food Cupboard,Desserts
315334532,Ambrosia Deluxe Custard - Madagascan Vanilla 2 x 120g,,,£1.25 Clubcard Price,(£0.52/100g),True,Offer valid for delivery from 16/04/2025 until 13/05/2025,False,4.7,39,False,https://www.tesco.com/groceries/en-GB/products/315334532,https://digitalcontent.api.tesco.com/v2/media/ghs/89191265-7529-4e06-a30c-e79d025034f8/ab63e118-2634-4227-bfbe-80e804774802_25679050.jpeg?h=225&w=225,Food Cupboard,Desserts
315386775,Ambrosia Deluxe Rice Pudding - Madagascan Vanilla 2 x 110g,£1.60,£0.73/100g,£1.25 Clubcard Price,(£0.57/100g),True,Offer valid for delivery from 16/04/2025 until 13/05/2025,False,4.7,48,False,https://www.tesco.com/groceries/en-GB/products/315386775,https://digitalcontent.api.tesco.com/v2/media/ghs/fab3603f-1ec4-41af-8ef9-f38cfef52b71/6e20921e-bfc0-4d4a-b84a-bb321d048b2e_1289156563.jpeg?h=225&w=225,Food Cupboard,Desserts
315576167,Tesco Pineapple Pieces 4x120g,£1.70,£0.35/100g,,,False,,False,,8,False,https://www.tesco.com/groceries/en-GB/products/315576167,https://digitalcontent.api.tesco.com/v2/media/ghs/0d1dc989-cc03-498c-91d3-5ab85015e819/28394f8f-5ee9-4464-a946-f3a5620c4c85_1844777194.jpeg?h=225&w=225,Food Cupboard,Desserts
315469009,Wibble Forest Fruits Vegan Jelly Crystals 57g,£1.10,£1.93/100g,85p Clubcard Price,(£1.49/100g),True,Offer valid for delivery from 16/04/2025 until 13/05/2025,False,3.1,7,False,https://www.tesco.com/groceries/en-GB/products/315469009,https://digitalcontent.api.tesco.com/v2/media/ghs/6f2e9aa7-0bdb-4b66-8e92-57efe7c2c53b/108a5170-e45b-48ed-aafb-d6145ed93f78_641360226.jpeg?h=225&w=225,Food Cupboard,Desserts
315369393,Wibble Raspberry Vegan Jelly Crystals 57g,£1.10,£1.93/100g,85p Clubcard Price,(£1.49/100g),True,Offer valid for delivery from 16/04/2025 until 13/05/2025,False,3.4,7,False,https://www.tesco.com/groceries/en-GB/products/315369393,https://digitalcontent.api.tesco.com/v2/media/ghs/524f74f6-ca06-480f-9de5-7c58f81401eb/69ca938e-d42c-4c64-b619-f68622d42607_1263791075.jpeg?h=225&w=225,Food Cupboard,Desserts
315472788,Wibble Vegan Jelly Crystals - Strawberry Flavour 57g,£1.10,£1.93/100g,85p Clubcard Price,(£1.49/100g),True,Offer valid for delivery from 16/04/2025 until 13/05/2025,False,,1,False,https://www.tesco.com/groceries/en-GB/products/315472788,https://digitalcontent.api.tesco.com/v2/media/ghs/c5551e32-e91c-4e95-affb-775eb61e3f77/3a8130e7-c7e1-440d-b443-a2566a34e76a_76635634.jpeg?h=225&w=225,Food Cupboard,Desserts
317858842,Wibble Cola Jelly Flavour Crystals 57g,,,85p Clubcard Price,(£1.49/100g),True,Offer valid for delivery from 16/04/2025 until 13/05/2025,False,,,False,https://www.tesco.com/groceries/en-GB/products/317858842,https://digitalcontent.api.tesco.com/v2/media/ghs/1aab51aa-bb09-4b96-b351-90ab736d4aa1/f0623f8b-06f1-4abb-a028-426a9c692d8d_986408774.jpeg?h=225&w=225,Food Cupboard,Desserts
254903706,Angel Delight Banana 59G,£0.75,£1.27/100g,,,False,,False,4.5,32,False,https://www.tesco.com/groceries/en-GB/products/254903706,https://digitalcontent.api.tesco.com/v2/media/ghs/704e0754-1acb-4fc6-b0ba-1a81f876398e/f8070ad9-8959-4e06-bc9e-582db19d8d95_1119083387.jpeg?h=225&w=225,Food Cupboard,Desserts
315145030,Oggs Mega Caramel & Vanilla Sponge Cakes 9 Pack,£9.20,£1.02/each,£7.50 Clubcard Price,(£0.83/each),True,Offer valid for delivery from 01/04/2025 until 21/04/2025,False,,7,False,https://www.tesco.com/groceries/en-GB/products/315145030,https://digitalcontent.api.tesco.com/v2/media/ghs/b088f04e-d4fc-4edb-b2cf-8ff8f4dc315f/4fc78c03-40b7-4356-abbd-fc62f9b46046.jpeg?h=225&w=225,Food Cupboard,Desserts
313362115,Oggs Plant-Based Mini Chocolate Cupcakes 9 Pack 180G,£4.15,£2.31/100g,£3.25 Clubcard Price,(£1.81/100g),True,Offer valid for delivery from 01/04/2025 until 21/04/2025,False,,3,False,https://www.tesco.com/groceries/en-GB/products/313362115,https://digitalcontent.api.tesco.com/v2/media/ghs/e5551cd8-ccbe-458f-95d7-d232facfc51d/4f2c75c4-46cb-42cd-8b1c-56c63ffae963_1683384451.jpeg?h=225&w=225,Food Cupboard,Desserts
315336484,Ambrosia Deluxe Custard 750g,£3.00,£0.40/100g,£2.50 Clubcard Price,(£0.33/100g),True,Offer valid for delivery from 16/04/2025 until 13/05/2025,False,4.7,39,False,https://www.tesco.com/groceries/en-GB/products/315336484,https://digitalcontent.api.tesco.com/v2/media/ghs/4e510a51-58f2-4441-9828-64f20ea2188b/3dbbf377-5228-4107-8edb-91c83539ac4f_1068570619.jpeg?h=225&w=225,Food Cupboard,Desserts
315370281,Tesco Finest Salted Caramel Meringue Shells with Dark Chocolate 8 Pack,,,,,False,,False,,,False,https://www.tesco.com/groceries/en-GB/products/315370281,https://digitalcontent.api.tesco.com/v2/media/ghs/b30158a7-334a-49e5-b8b1-45e730e7f926/258b66c6-17ef-4c19-83c7-89156ee3442f_1004938580.jpeg?h=225&w=225,Food Cupboard,Desserts
317286061,The Flan Co. Large Sponge Flan Case 200g,£2.00,£1.00/100g,,,False,,False,,2,False,https://www.tesco.com/groceries/en-GB/products/317286061,https://digitalcontent.api.tesco.com/v2/media/ghs/e5d638ed-ca57-4f53-a7b8-e48e160a50d9/a2885bf3-7678-4ead-b053-a4251c806970_1565065319.jpeg?h=225&w=225,Food Cupboard,Desserts
317986718,Mr Kipling No Bake Cheesecake Kit - Lemon 230g,£2.50,£1.09/100g,£1.75 Clubcard Price,(£0.76/100g),True,Offer valid for delivery from 16/04/2025 until 13/05/2025,False,4.6,33,False,https://www.tesco.com/groceries/en-GB/products/317986718,https://digitalcontent.api.tesco.com/v2/media/ghs/a2a9b62d-cbbc-4d7b-906f-591aa8a5e3d0/ee6724f0-a8c5-49ab-89e1-7483f280b54c_984331801.jpeg?h=225&w=225,Food Cupboard,Desserts
317286357,Mr Kipling No Bake Cheesecake Kit - Salted Caramel 230g,£2.50,£1.09/100g,£1.75 Clubcard Price,(£0.76/100g),True,Offer valid for delivery from 16/04/2025 until 13/05/2025,False,4.7,29,False,https://www.tesco.com/groceries/en-GB/products/317286357,https://digitalcontent.api.tesco.com/v2/media/ghs/d9c6405f-de88-4891-b165-7fde6e1b341f/315c465f-8d9c-413e-8010-4146e2fe1273_1983391363.jpeg?h=225&w=225,Food Cupboard,Desserts
312367526,Aunty's Melt in the Middle Chocolate Steamed Puddings 2x100g,£1.90,£0.95/100g,,,False,,False,,4,False,https://www.tesco.com/groceries/en-GB/products/312367526,https://digitalcontent.api.tesco.com/v2/media/ghs/cb32fad3-b88d-441e-8242-5c799a1264bf/71f76092-47b9-4ce0-adb8-9063f50b1d2e_869739844.jpeg?h=225&w=225,Food Cupboard,Desserts
312578567,Dole Mango in Juice 4 x 113g,£2.30,£0.85/100g DR.WT,£1.50 Save 1/3 Clubcard Price,(£0.55/100g DR.WT),True,Offer valid for delivery from 16/04/2025 until 13/05/2025,False,,,False,https://www.tesco.com/groceries/en-GB/products/312578567,https://digitalcontent.api.tesco.com/v2/media/ghs/7096b65e-ecbb-413b-9e2d-869b5b1d0240/bab6cd8a-be2a-40d4-b435-e55938ea68b1_1453017625.jpeg?h=225&w=225,Food Cupboard,Desserts
282662922,Mr Kipling Raspberry Sponge Puddings 2x95g,£2.35,£1.24/100g,,,False,,False,4.5,38,False,https://www.tesco.com/groceries/en-GB/products/282662922,https://digitalcontent.api.tesco.com/v2/media/ghs/4fe00018-6257-4be0-a00f-c0bfc91b5284/81aa782d-61ef-4b97-a99d-16bd6853805e_1137375697.jpeg?h=225&w=225,Food Cupboard,Desserts
314410490,Vimto Eezy Freezy Pyramids 8x62ml,£2.00,£0.40/100ml,,,False,,False,,3,False,https://www.tesco.com/groceries/en-GB/products/314410490,https://digitalcontent.api.tesco.com/v2/media/ghs/2f27188c-7aab-4985-aa19-82d12692c158/bbd3b592-183e-4dd7-94ef-e51f6cb16dfc_1255230950.jpeg?h=225&w=225,Food Cupboard,Desserts
313164413,Mr Freeze Sugar Free Freeze Pops 20 X 45Ml,£1.60,£0.18/100ml,,,False,,False,2.1,14,False,https://www.tesco.com/groceries/en-GB/products/313164413,https://digitalcontent.api.tesco.com/v2/media/ghs/68ae289d-ba24-4fcf-9a62-78d3c4b5a6e0/f96c7cbe-6522-4250-8d88-d0a1aa91a480_1930347388.jpeg?h=225&w=225,Food Cupboard,Desserts
317975737,Ambrosia Plant Based Custard 390g,£1.60,£0.41/100g,Any 2 for £2 Clubcard Price - Selected Ambrosia Custard And Rice Pudding 390g Or 400g,,True,Offer valid for delivery from 04/04/2025 until 13/05/2025,False,3.5,43,False,https://www.tesco.com/groceries/en-GB/products/317975737,https://digitalcontent.api.tesco.com/v2/media/ghs/1b80c1ab-27fe-49d3-8cb3-ff9a7c8f1d78/29ea49ec-6be8-41c1-a393-2362a8abd974_1883014509.jpeg?h=225&w=225,Food Cupboard,Desserts
315374046,Ambrosia Deluxe Rice Pudding Dessert 400G,£2.20,£0.55/100g,,,False,,False,4.3,39,False,https://www.tesco.com/groceries/en-GB/products/315374046,https://digitalcontent.api.tesco.com/v2/media/ghs/75674874-41d7-4914-af4b-31981a668dac/ab83e05a-692a-4133-bd95-a7e97915cfbe_504195545.jpeg?h=225&w=225,Food Cupboard,Desserts
297502270,Angel Delight Chocolate Mint Flavour 59G,£0.75,£1.27/100g,,,False,,False,4.9,16,False,https://www.tesco.com/groceries/en-GB/products/297502270,https://digitalcontent.api.tesco.com/v2/media/ghs/9536cdd4-816e-4b70-bccf-1ff2b75b17d4/0f753cce-cb8a-434e-822c-aac1ae36d9e7_1892948295.jpeg?h=225&w=225,Food Cupboard,Desserts
258050084,Carnation Sweetened Condensed Milk 397g,£1.75,£4.41/kg,,,False,,False,4.9,666,True,https://www.tesco.com/groceries/en-GB/products/258050084,https://digitalcontent.api.tesco.com/v2/media/ghs/80ddf964-6569-448a-b9ab-6760dd4a5ab1/d46b8da9-98dc-46bf-bdaf-ef43ef2cdfcd_267418398.jpeg?h=225&w=225,Food Cupboard,Home Baking & Sugar
271154996,Buckwud Organic Maple Syrup 250G,£6.20,£2.48/100g,,,False,,False,,,False,https://www.tesco.com/groceries/en-GB/products/271154996,https://digitalcontent.api.tesco.com/v2/media/ghs/b614b07a-15aa-484d-b6d4-eb5eec9d67b3/2d4e9cda-7117-4dc1-94d0-9da53d30086f_946235486.jpeg?h=225&w=225,Food Cupboard,Home Baking & Sugar
314327272,Elephant Atta Medium Chapatti Flour with Vitamin D 5kg,£7.25,£1.45/kg,,,False,,False,,,False,https://www.tesco.com/groceries/en-GB/products/314327272,https://digitalcontent.api.tesco.com/v2/media/ghs/963478df-2ca1-4ef1-bf2d-166aad85d8da/2da44e26-b9c1-4edf-8de1-2040e137dbc3_467627131.jpeg?h=225&w=225,Food Cupboard,Home Baking & Sugar
254915940,Tesco Mincemeat 411G,£2.65,£6.45/kg,,,False,,False,4.2,32,False,https://www.tesco.com/groceries/en-GB/products/254915940,https://digitalcontent.api.tesco.com/v2/media/ghs/a5ffde81-ecbf-42d4-9460-931ba4a168e3/7cdbf013-24d8-434a-8a6b-f8fefb39c50b_1889688014.jpeg?h=225&w=225,Food Cupboard,Home Baking & Sugar
254890316,Cadbury Hot Chocolate Cocoa Powder 500G,£4.50,£0.90/100g,,,False,,False,4.3,64,False,https://www.tesco.com/groceries/en-GB/products/254890316,https://digitalcontent.api.tesco.com/v2/media/ghs/1f134787-e44e-4b7a-8314-07501268b7b3/eedc4673-74da-43e1-bee0-066f6c3622d4_948200375.jpeg?h=225&w=225,Food Cupboard,Home Baking & Sugar
255089008,Tesco Golden Caster 1Kg Bag,£2.60,£2.60/kg,,,False,,False,4.8,66,False,https://www.tesco.com/groceries/en-GB/products/255089008,https://digitalcontent.api.tesco.com/v2/media/ghs/c36f7c2c-ae68-4ff4-ac09-dba01c4173ba/1a2e3d8e-3d1e-45f3-affd-80d4a388cdfa_1941888447.jpeg?h=225&w=225,Food Cupboard,Home Baking & Sugar
301965329,Silver Spoon Caster Sugar 1Kg,£2.25,£2.25/kg,,,False,,False,,13,False,https://www.tesco.com/groceries/en-GB/products/301965329,https://digitalcontent.api.tesco.com/v2/media/ghs/f4c7c695-fb5b-4714-9694-c83a5434e80c/15e13a30-9164-4f0b-81b0-1097befc801f_1208805416.jpeg?h=225&w=225,Food Cupboard,Home Baking & Sugar
252528831,Silver Spoon Icing Sugar 1Kg,£2.40,£2.40/kg,,,False,,False,3.2,12,False,https://www.tesco.com/groceries/en-GB/products/252528831,https://digitalcontent.api.tesco.com/v2/media/ghs/d0a75c43-7c99-427a-8a3a-44e200531d7d/66802855-730f-4922-865a-cc4335de2a86_1560353800.jpeg?h=225&w=225,Food Cupboard,Home Baking & Sugar
254917483,Tesco Light Brown Soft Sugar 500g,£1.80,£3.60/kg,,,False,,False,4.8,60,False,https://www.tesco.com/groceries/en-GB/products/254917483,https://digitalcontent.api.tesco.com/v2/media/ghs/2fdd76e8-3275-4ccf-a534-db8d8a2352dd/ad0506bb-e85e-4e0e-a009-1f497527d2e9_706491671.jpeg?h=225&w=225,Food Cupboard,Home Baking & Sugar
254917172,Tesco Demerara Sugar 1Kg,£2.50,£2.50/kg,,,False,,False,3.8,46,False,https://www.tesco.com/groceries/en-GB/products/254917172,https://digitalcontent.api.tesco.com/v2/media/ghs/93091490-5e9f-4ea5-a35c-85d242a68de0/7caf43c9-caf5-4bf9-8a33-c58cdd7aba8e_733815613.jpeg?h=225&w=225,Food Cupboard,Home Baking & Sugar
254917477,Tesco Dark Brown Soft Sugar 500g,£1.80,£3.60/kg,,,False,,False,4.4,28,False,https://www.tesco.com/groceries/en-GB/products/254917477,https://digitalcontent.api.tesco.com/v2/media/ghs/2fb14596-0eaf-4e66-9422-e8b209c8896f/0094e704-22c7-4504-95b5-2919766e6bf4_397501642.jpeg?h=225&w=225,Food Cupboard,Home Baking & Sugar
254915145,Silver Spoon Royal Icing Sugar 500G,£1.70,£3.40/kg,,,False,,False,4.5,2,False,https://www.tesco.com/groceries/en-GB/products/254915145,https://digitalcontent.api.tesco.com/v2/media/ghs/915383a7-c3c3-4f14-baa0-205144fdfdb8/c6a03331-ccd2-4f28-b722-6277482b9854_1901408152.jpeg?h=225&w=225,Food Cupboard,Home Baking & Sugar
254914584,Tesco Marzipan 500G,£2.55,£0.51/100g,,,False,,False,4.8,44,False,https://www.tesco.com/groceries/en-GB/products/254914584,https://digitalcontent.api.tesco.com/v2/media/ghs/9ba13be9-5373-47ac-8c83-8d74df2aa953/7101ef97-5992-4edf-8b97-f05142d8a175_2052288483.jpeg?h=225&w=225,Food Cupboard,Home Baking & Sugar
254915364,Tesco Seedless Raisins 500G,£1.85,£3.70/kg,,,False,,False,4.2,45,False,https://www.tesco.com/groceries/en-GB/products/254915364,https://digitalcontent.api.tesco.com/v2/media/ghs/fff208fb-0b6b-4118-96b4-ecf306fa55ad/5ca47377-ad5c-4d91-8863-ba5baeaa8832_1115878226.jpeg?h=225&w=225,Food Cupboard,Home Baking & Sugar
278838015,Tesco Pink & White Mini Marshmallows 100G,£0.95,£0.95/100g,,,False,,False,4.4,47,False,https://www.tesco.com/groceries/en-GB/products/278838015,https://digitalcontent.api.tesco.com/v2/media/ghs/3a3c7728-6a42-42c6-beb0-5d4c21581b02/fb2527de-a390-4a03-9c94-a8ef87354bae_1040611799.jpeg?h=225&w=225,Food Cupboard,Home Baking & Sugar
304381175,Tesco White Mini Marshmallows 100G,£0.95,£0.95/100g,,,False,,False,4.9,32,False,https://www.tesco.com/groceries/en-GB/products/304381175,https://digitalcontent.api.tesco.com/v2/media/ghs/449a9282-e10c-4247-a414-ba9866cb2133/213d58ff-01bc-4c64-b4f2-939e9b22d0fe_46916383.jpeg?h=225&w=225,Food Cupboard,Home Baking & Sugar
255547279,Tesco Lemon Juice 500Ml,£1.35,£0.27/100ml,,,False,,False,4.4,57,False,https://www.tesco.com/groceries/en-GB/products/255547279,https://digitalcontent.api.tesco.com/v2/media/ghs/f020fb67-874f-4e32-a574-09c26c78c623/4c016ac6-913e-4827-9298-98f75caa0971_104590827.jpeg?h=225&w=225,Food Cupboard,Home Baking & Sugar
254917932,Tesco Strong White Flour 1.5Kg,£1.30,£0.87/kg,,,False,,False,,63,False,https://www.tesco.com/groceries/en-GB/products/254917932,https://digitalcontent.api.tesco.com/v2/media/ghs/1622ae15-ab55-4c42-9c1f-dde5453cb879/380c777c-1ebe-4af6-9985-dd319a30cba4_400486893.jpeg?h=225&w=225,Food Cupboard,Home Baking & Sugar
303668040,Tesco Golden Syrup 680G,£1.65,£0.24/100g,,,False,,False,4.3,58,False,https://www.tesco.com/groceries/en-GB/products/303668040,https://digitalcontent.api.tesco.com/v2/media/ghs/ee825c78-c227-4cb8-8340-a27d853469c9/c1b862af-7e4f-4f02-ac7e-f98e84d70808_1970919935.jpeg?h=225&w=225,Food Cupboard,Home Baking & Sugar
254902477,Carnation Evaporated Milk Tin 410g,£1.40,£3.42/kg,,,False,,False,4.9,200,False,https://www.tesco.com/groceries/en-GB/products/254902477,https://digitalcontent.api.tesco.com/v2/media/ghs/ad8cc470-92b7-45d9-ad37-9275849ad3ac/843b3905-221c-4a1a-83d8-9b2251b3b664_2051811984.jpeg?h=225&w=225,Food Cupboard,Home Baking & Sugar
258520070,Tesco Milk Cooking Chocolate 150G,£1.65,£1.10/100g,,,False,,False,4.3,53,False,https://www.tesco.com/groceries/en-GB/products/258520070,https://digitalcontent.api.tesco.com/v2/media/ghs/7c09250e-7014-4337-80fa-367e23fedc0a/c03116e9-14be-4508-8854-125538690b9c_1789195389.jpeg?h=225&w=225,Food Cupboard,Home Baking & Sugar
261013885,Tesco Dumplings Mix 137G,£0.95,£6.93/kg,,,False,,False,4.1,75,False,https://www.tesco.com/groceries/en-GB/products/261013885,https://digitalcontent.api.tesco.com/v2/media/ghs/0b3fc49e-0567-4805-8c22-ac83dc7bbd06/5b34c991-d5c7-4597-b9ad-5d3c1d159e5e_1332051302.jpeg?h=225&w=225,Food Cupboard,Home Baking & Sugar
252528508,Silver Spoon Granulated Sugar 2Kg,£2.15,£1.08/kg,,,False,,False,4.3,15,False,https://www.tesco.com/groceries/en-GB/products/252528508,https://digitalcontent.api.tesco.com/v2/media/ghs/1ef5c683-496b-4339-ac0b-26bd4666ebf6/62554dcf-7b86-435a-89a1-bfd4f48b10d2_1857012689.jpeg?h=225&w=225,Food Cupboard,Home Baking & Sugar
278532342,Dr.Oetker Madagascan Vanilla Extract 35Ml,£1.45,£0.41/10ml,£1.15 Clubcard Price,(£0.33/10ml),True,Offer valid for delivery from 03/04/2025 until 22/04/2025,False,2.2,15,False,https://www.tesco.com/groceries/en-GB/products/278532342,https://digitalcontent.api.tesco.com/v2/media/ghs/a7cb9675-4c7f-4dd3-9434-161f7737f218/2d000588-fdfc-4faa-a515-cb2d7f5db0c5_684624047.jpeg?h=225&w=225,Food Cupboard,Home Baking & Sugar
250428970,Tesco Lemon Juice 250Ml,£0.80,£0.32/100ml,,,False,,False,4.6,69,False,https://www.tesco.com/groceries/en-GB/products/250428970,https://digitalcontent.api.tesco.com/v2/media/ghs/d2ad053b-5241-44c9-a164-9da9764065db/d61cfb06-25a9-47d1-a088-186d7681719e_2079643078.jpeg?h=225&w=225,Food Cupboard,Home Baking & Sugar
254902431,Carnation Evaporated Milk Tin 170g,£0.75,£4.41/kg,,,False,,False,4.9,199,False,https://www.tesco.com/groceries/en-GB/products/254902431,https://digitalcontent.api.tesco.com/v2/media/ghs/2ece0871-74b1-40f4-930d-36f650964eff/0fcf5eb2-2245-4bca-9999-26086193fd14_1519416614.jpeg?h=225&w=225,Food Cupboard,Home Baking & Sugar
278244694,Tesco Milk Chocolate Chips 100G,£1.40,£1.40/100g,,,False,,False,4.7,43,False,https://www.tesco.com/groceries/en-GB/products/278244694,https://digitalcontent.api.tesco.com/v2/media/ghs/630f9074-3662-4eee-a3f6-fec5a1ceabd5/ce454e29-4677-489f-b971-6b9196682519_175006511.jpeg?h=225&w=225,Food Cupboard,Home Baking & Sugar
278235814,Tesco White Chocolate Chips 100G,£1.40,£1.40/100g,,,False,,False,4.9,44,False,https://www.tesco.com/groceries/en-GB/products/278235814,https://digitalcontent.api.tesco.com/v2/media/ghs/f9000762-416c-4b0f-b51e-18a10c98569c/6c362dc2-29ba-407a-8c74-0172cddd37b6_1639703305.jpeg?h=225&w=225,Food Cupboard,Home Baking & Sugar
259169069,Tesco Sultanas 500G,£1.85,£3.70/kg,,,False,,False,4.4,60,False,https://www.tesco.com/groceries/en-GB/products/259169069,https://digitalcontent.api.tesco.com/v2/media/ghs/98c930a9-4e04-4b0c-a008-95b18e6bee04/9829634c-c518-4c78-99cf-cd303ad35d2f_2081997426.jpeg?h=225&w=225,Food Cupboard,Home Baking & Sugar
278236013,Tesco Dark Chocolate Chips 100G,£1.40,£1.40/100g,,,False,,False,2.8,33,False,https://www.tesco.com/groceries/en-GB/products/278236013,https://digitalcontent.api.tesco.com/v2/media/ghs/bfabe2a4-5ba4-45e7-af03-ee9dd2b31706/e69e306a-4593-4b80-bffa-cebf3bf84f9d_584859261.jpeg?h=225&w=225,Food Cupboard,Home Baking & Sugar
254915329,Tesco Dried Mixed Fruit 500G,£1.85,£3.70/kg,,,False,,False,4.7,93,False,https://www.tesco.com/groceries/en-GB/products/254915329,https://digitalcontent.api.tesco.com/v2/media/ghs/190252b3-03dc-492a-a341-1dbf49da2b44/a2dfa754-d3b2-4d3b-9cd9-857587f700a4_2109893930.jpeg?h=225&w=225,Food Cupboard,Home Baking & Sugar
252528422,Granulated Sugar 1Kg,£1.09,£1.09/kg,,,False,,False,4.1,31,False,https://www.tesco.com/groceries/en-GB/products/252528422,https://digitalcontent.api.tesco.com/v2/media/ghs/1a1b9482-d028-4db9-9495-1a74450269bc/1af96ad8-d920-45a8-b559-af400d84914e_1624912831.jpeg?h=225&w=225,Food Cupboard,Home Baking & Sugar
258521155,Tesco Dark Cooking Chocolate 150G,£1.65,£1.10/100g,,,False,,False,3.7,27,False,https://www.tesco.com/groceries/en-GB/products/258521155,https://digitalcontent.api.tesco.com/v2/media/ghs/30baaa3f-0538-439e-b22a-cf0124395055/05a33e35-0f21-42ed-a682-8d4a0868262d_2061986510.jpeg?h=225&w=225,Food Cupboard,Home Baking & Sugar
297242541,Tesco Batter Mix 130G,£0.50,£3.85/kg,,,False,,False,4.8,41,False,https://www.tesco.com/groceries/en-GB/products/297242541,https://digitalcontent.api.tesco.com/v2/media/ghs/eb3d5bd1-ef57-4f03-8a3b-8e98eaa3d704/5f1b06b2-055b-46eb-b62a-3e72686d7790_1244236622.jpeg?h=225&w=225,Food Cupboard,Home Baking & Sugar
299623681,Stockwell & Co. Plain Flour 1.5Kg,£0.75,£0.50/kg,,,False,,False,4.2,41,False,https://www.tesco.com/groceries/en-GB/products/299623681,https://digitalcontent.api.tesco.com/v2/media/ghs/67ffe781-cb33-4b21-8a7b-1b57a3eda4fc/e50f4f79-fac4-497f-aaf0-c83bedfa9144_378154356.jpeg?h=225&w=225,Food Cupboard,Home Baking & Sugar
254917828,Tesco Plain Flour 1.5Kg,£0.79,£0.53/kg,,,False,,False,4.3,47,False,https://www.tesco.com/groceries/en-GB/products/254917828,https://digitalcontent.api.tesco.com/v2/media/ghs/a3eacb2a-2486-47e1-b111-c1183c81392d/5071c1a5-29b9-4769-9498-399f0efce834_1140595327.jpeg?h=225&w=225,Food Cupboard,Home Baking & Sugar
299623646,Stockwell & Co. Self Raising Flour 1.5Kg,£0.75,£0.50/kg,,,False,,False,2.8,37,False,https://www.tesco.com/groceries/en-GB/products/299623646,https://digitalcontent.api.tesco.com/v2/media/ghs/1c631e11-d4e0-4752-b5a4-7c4e7dc099a9/77cbe189-6efb-4dfc-833c-20f70dca300c_1962934611.jpeg?h=225&w=225,Food Cupboard,Home Baking & Sugar
254917759,Tesco Self Raising Flour 1.5Kg,£0.79,£0.53/kg,,,False,,False,4.4,51,False,https://www.tesco.com/groceries/en-GB/products/254917759,https://digitalcontent.api.tesco.com/v2/media/ghs/6cf7a695-6216-4493-9af1-c3cdcfb3dbfa/57a058fd-b562-4591-8acf-8424a2738697_943137858.jpeg?h=225&w=225,Food Cupboard,Home Baking & Sugar
309487716,Stockwell & Co. Bicarbonate Of Soda 200G,£0.65,£0.32/100g,,,False,,False,4.5,65,False,https://www.tesco.com/groceries/en-GB/products/309487716,https://digitalcontent.api.tesco.com/v2/media/ghs/ab59437e-ba1d-4fdf-8d7f-906a69f84354/bda18877-7c03-44c5-84e3-92b68b00ce9b_329048570.jpeg?h=225&w=225,Food Cupboard,Home Baking & Sugar
299772320,Grower's Harvest Sultanas 500G,£1.05,£2.10/kg,,,False,,False,4.1,78,False,https://www.tesco.com/groceries/en-GB/products/299772320,https://digitalcontent.api.tesco.com/v2/media/ghs/b93dc21a-bbde-4827-92ab-2380c297ba4b/d95365e2-eefa-4559-b75e-62a6b5c36831_350241492.jpeg?h=225&w=225,Food Cupboard,Home Baking & Sugar
256909870,Tesco Evaporated Milk 410G,£0.59,£1.44/kg,,,False,,False,4.6,87,False,https://www.tesco.com/groceries/en-GB/products/256909870,https://digitalcontent.api.tesco.com/v2/media/ghs/feef3e4d-950d-4035-8ef1-4b977c5cbeed/7a2502ef-149f-4549-9368-4205a1c52d55_1668387341.jpeg?h=225&w=225,Food Cupboard,Home Baking & Sugar
256775623,Tesco Light Brown Soft Sugar 1Kg Pack,£3.50,£3.50/kg,,,False,,False,4.9,23,False,https://www.tesco.com/groceries/en-GB/products/256775623,https://digitalcontent.api.tesco.com/v2/media/ghs/b7cc12e4-a04f-4394-9acd-64866d6ae14e/a9648c4e-e8e6-4604-b14c-5aeb5a99b31d_1260743605.jpeg?h=225&w=225,Food Cupboard,Home Baking & Sugar
287281843,Silver Spoon Caster Sugar 2Kg,£4.20,£2.10/kg,,,False,,False,,4,False,https://www.tesco.com/groceries/en-GB/products/287281843,https://digitalcontent.api.tesco.com/v2/media/ghs/b2cb8c75-e6c1-420f-8c41-ca3e982193d7/5467d961-1900-41c4-9b9c-c8cf62bfd911_518924310.jpeg?h=225&w=225,Food Cupboard,Home Baking & Sugar
312559582,Tesco Ground Almonds 250G,£3.65,£14.60/kg,,,False,,False,4.8,4,False,https://www.tesco.com/groceries/en-GB/products/312559582,https://digitalcontent.api.tesco.com/v2/media/ghs/cd6690c0-81d9-4a3e-9a14-44a0a0d8a08d/90917654-86b0-424d-ab3e-20d764f732ed_1677569661.jpeg?h=225&w=225,Food Cupboard,Home Baking & Sugar
256294086,Sweetex Calorie Free Sweetener Tablets 1200 Pack,£3.00,£0.00/each,,,False,,False,2.9,9,False,https://www.tesco.com/groceries/en-GB/products/256294086,https://digitalcontent.api.tesco.com/v2/media/ghs/ba217f91-ee87-4db3-b009-96bc81eea89f/320876f8-e9c2-473a-bd2e-89a926b1ad6f_234397542.jpeg?h=225&w=225,Food Cupboard,Home Baking & Sugar
250610609,Green & Blacks Organic Cocoa Fair Trade 125G,£3.40,£2.72/100g,,,False,,False,,9,False,https://www.tesco.com/groceries/en-GB/products/250610609,https://digitalcontent.api.tesco.com/v2/media/ghs/0a79d944-6b25-4881-af0c-718c74dec49b/ff63d635-9c20-4fb3-8de9-2dca5f2096a4_159804735.jpeg?h=225&w=225,Food Cupboard,Home Baking & Sugar
271090172,Tesco Pecan Halves 200G,£3.50,£17.50/kg,,,False,,False,4.5,48,False,https://www.tesco.com/groceries/en-GB/products/271090172,https://digitalcontent.api.tesco.com/v2/media/ghs/94906d93-8a36-4da6-a037-3751e96a2645/94d6d087-0597-4bb9-8a8d-f68cf275564f_1912876219.jpeg?h=225&w=225,Food Cupboard,Home Baking & Sugar
303667939,Billingtons Light Brown Sugar 500G,£2.15,£4.30/kg,,,False,,False,,2,False,https://www.tesco.com/groceries/en-GB/products/303667939,https://digitalcontent.api.tesco.com/v2/media/ghs/9f9b13e7-56fe-4c01-aae6-0334cb6ce81f/43b19ec2-ac84-40fc-b2b9-c0329a98d6da_283404513.jpeg?h=225&w=225,Food Cupboard,Home Baking & Sugar
276732074,Trade Aid Uk Pure Cane Caster Sugar 1Kg,£2.50,£2.50/kg,,,False,,False,,,False,https://www.tesco.com/groceries/en-GB/products/276732074,https://digitalcontent.api.tesco.com/v2/media/ghs/efb09097-0b12-4899-91ad-6e3cf0e4b904/9f16c705-7ba8-4e0f-a6f3-a7a649864d02_1591013105.jpeg?h=225&w=225,Food Cupboard,Home Baking & Sugar
250535520,Tesco Sweet Fondant Icing Ready To Roll 1kg,£2.75,£0.28/100g,,,False,,False,,25,False,https://www.tesco.com/groceries/en-GB/products/250535520,https://digitalcontent.api.tesco.com/v2/media/ghs/4301b746-3858-4f11-ae91-3829ebffcbbd/f22612dd-6a46-4aa3-8ad5-b0c83aac59e7_704019025.jpeg?h=225&w=225,Food Cupboard,Home Baking & Sugar
255524836,Silver Spoon Half Spoon Sugar 1Kg,£2.80,£2.80/kg,,,False,,False,3.7,33,False,https://www.tesco.com/groceries/en-GB/products/255524836,https://digitalcontent.api.tesco.com/v2/media/ghs/b3760314-d9cb-41c5-be0e-9319e14b9bcc/b1b1b046-a10c-4859-8dc2-146eb55872b0_1177793963.jpeg?h=225&w=225,Food Cupboard,Home Baking & Sugar
254917114,Tesco Golden Granulated Sugar 1Kg,£2.50,£2.50/kg,,,False,,False,4.9,97,False,https://www.tesco.com/groceries/en-GB/products/254917114,https://digitalcontent.api.tesco.com/v2/media/ghs/9a258955-b7f5-4c19-a18d-f04123d69804/d4ef3b97-2345-4434-98a0-c93b2a5bc04e_1692715478.jpeg?h=225&w=225,Food Cupboard,Home Baking & Sugar
254998702,Tesco Toasted Flaked Almonds 100G,£1.80,£18.00/kg,,,False,,False,4.6,63,False,https://www.tesco.com/groceries/en-GB/products/254998702,https://digitalcontent.api.tesco.com/v2/media/ghs/5abf279b-47b7-4c1c-8262-a9db5215809c/58fab02d-b33f-44da-89e7-47619b67bd7e_1216541646.jpeg?h=225&w=225,Food Cupboard,Home Baking & Sugar
313514985,Brown & Polson Cornflour 500G,£3.00,£6.00/kg,£2.40 Clubcard Price,(£4.80/kg),True,Offer valid for delivery from 02/04/2025 until 22/04/2025,False,4.8,34,False,https://www.tesco.com/groceries/en-GB/products/313514985,https://digitalcontent.api.tesco.com/v2/media/ghs/7c4d13ff-5a92-44c4-b31e-5c148c128fd0/93d948d1-1697-4be4-b067-e9b6ae50e9ad_379480383.jpeg?h=225&w=225,Food Cupboard,Home Baking & Sugar
265869171,Tesco Pizza Base Mix 145G,£0.95,£6.55/kg,,,False,,False,4.4,28,False,https://www.tesco.com/groceries/en-GB/products/265869171,https://digitalcontent.api.tesco.com/v2/media/ghs/92e1d3dc-fa51-4c8c-afa5-db2f2646a948/359af6d4-ff8f-4e14-8695-b37107b7a169_907608265.jpeg?h=225&w=225,Food Cupboard,Home Baking & Sugar
254915306,Tesco Currants 500G,£2.50,£5.00/kg,,,False,,False,3.9,32,False,https://www.tesco.com/groceries/en-GB/products/254915306,https://digitalcontent.api.tesco.com/v2/media/ghs/f39cebee-1b31-47b0-af83-aab7cafc6ad0/85fd09bd-5b1f-479e-8a7a-1a6607be3402_773171124.jpeg?h=225&w=225,Food Cupboard,Home Baking & Sugar
259321649,Canderel Granular Sweetener 75G,£2.15,£28.67/kg,,,False,,False,4.2,9,False,https://www.tesco.com/groceries/en-GB/products/259321649,https://digitalcontent.api.tesco.com/v2/media/ghs/3fc5780a-78d1-4c7c-9710-71e2eeb37c66/5d42977a-0421-4695-a63e-4f95af1a5bca_1469558178.jpeg?h=225&w=225,Food Cupboard,Home Baking & Sugar
254914590,Tesco Sweet Golden Marzipan Ready to Roll 500g,,,,,False,,False,4.8,35,False,https://www.tesco.com/groceries/en-GB/products/254914590,https://digitalcontent.api.tesco.com/v2/media/ghs/0256f4f2-567f-45ce-9500-a544097867f5/ef8bb93e-54be-4a82-8e85-6d3ba894e200_1886114306.jpeg?h=225&w=225,Food Cupboard,Home Baking & Sugar
276673615,Billingtons Golden Icing Sugar 500G,£1.80,£3.60/kg,£1.35 Save 25% Clubcard Price,(£2.70/kg),True,Offer valid for delivery from 16/04/2025 until 13/05/2025,False,,5,False,https://www.tesco.com/groceries/en-GB/products/276673615,https://digitalcontent.api.tesco.com/v2/media/ghs/aedcf6aa-b059-497e-8548-042b4b410d93/7200a416-3db0-4ba9-b934-10469ad02d99_525824573.jpeg?h=225&w=225,Food Cupboard,Home Baking & Sugar
259108442,Tesco Fast Action Dried Yeast 56G,£1.50,£2.68/100g,,,False,,False,4.3,36,False,https://www.tesco.com/groceries/en-GB/products/259108442,https://digitalcontent.api.tesco.com/v2/media/ghs/0da1f933-b4b9-4a91-b34d-3f94adc40dc1/59b359c6-f3bd-4a96-918a-b5d9f0708dbc_604335578.jpeg?h=225&w=225,Food Cupboard,Home Baking & Sugar
301964700,Silver Spoon White Sugar Cubes 500G,£1.45,£2.90/kg,,,False,,False,4.5,2,False,https://www.tesco.com/groceries/en-GB/products/301964700,https://digitalcontent.api.tesco.com/v2/media/ghs/9c4a809f-ca19-458c-a543-41e473f20dad/d0ee1215-d1b2-4be7-8724-defdb3ef644b_531686514.jpeg?h=225&w=225,Food Cupboard,Home Baking & Sugar
304796485,Lyle's Golden Syrup 700G,£2.40,£0.34/100g,£2.00 Clubcard Price,(£0.29/100g),True,Offer valid for delivery from 02/04/2025 until 22/04/2025,False,3.4,10,False,https://www.tesco.com/groceries/en-GB/products/304796485,https://digitalcontent.api.tesco.com/v2/media/ghs/eb37c29d-0568-47c2-b109-109a1c494fd5/3d4e85aa-d060-42f5-9145-80563a441733_722416607.jpeg?h=225&w=225,Food Cupboard,Home Baking & Sugar
260300777,Tesco Lime Juice 250Ml,£1.10,£0.44/100ml,,,False,,False,4.3,23,False,https://www.tesco.com/groceries/en-GB/products/260300777,https://digitalcontent.api.tesco.com/v2/media/ghs/6570c7b9-4e42-4fd2-86b0-07f0b640a2f9/ec4d864c-fed4-45c9-a1b0-69e569182b96_1428251889.jpeg?h=225&w=225,Food Cupboard,Home Baking & Sugar
304402929,Lyle's Golden Syrup 325G,£1.80,£0.55/100g,£1.40 Clubcard Price,(£0.43/100g),True,Offer valid for delivery from 02/04/2025 until 22/04/2025,False,4.4,9,False,https://www.tesco.com/groceries/en-GB/products/304402929,https://digitalcontent.api.tesco.com/v2/media/ghs/ff80da77-8fef-4cac-ae9e-82d5810782bf/f4d1af8b-cf40-4658-945b-5202e2bcd2fc_564988240.jpeg?h=225&w=225,Food Cupboard,Home Baking & Sugar
257260044,Tesco Glace Cherries 200G,£1.80,£9.00/kg,,,False,,False,4.6,41,False,https://www.tesco.com/groceries/en-GB/products/257260044,https://digitalcontent.api.tesco.com/v2/media/ghs/e0ade533-7451-4cca-8426-2bdae9eec41c/feccdeb9-a6ac-418c-87fa-d3739097d663_1335838855.jpeg?h=225&w=225,Food Cupboard,Home Baking & Sugar
254917575,Canderel Sweetener 100 Pack,£1.40,£164.71/kg,£1.00 Clubcard Price,(£125.00/kg),True,Offer valid for delivery from 16/04/2025 until 13/05/2025,False,,,False,https://www.tesco.com/groceries/en-GB/products/254917575,https://digitalcontent.api.tesco.com/v2/media/ghs/4fb22535-8f95-466f-aa87-08d93b2ecfb1/af28804c-6003-446f-9514-e8faf7798f0c_34519157.jpeg?h=225&w=225,Food Cupboard,Home Baking & Sugar
257090354,Lyles Black Treacle 454G,£1.75,£0.38/100g,£1.40 Clubcard Price,(£0.31/100g),True,Offer valid for delivery from 02/04/2025 until 22/04/2025,False,4.9,8,False,https://www.tesco.com/groceries/en-GB/products/257090354,https://digitalcontent.api.tesco.com/v2/media/ghs/7f5f7296-5d90-411f-85ad-c66b45dfc490/ef78c961-ef2e-4e7d-a313-9810b133eaca_1060552406.jpeg?h=225&w=225,Food Cupboard,Home Baking & Sugar
301051611,Stockwell & Co. Sweeteners 850S,£1.15,£0.00/each,,,False,,False,3.7,95,False,https://www.tesco.com/groceries/en-GB/products/301051611,https://digitalcontent.api.tesco.com/v2/media/ghs/7495aca8-ade2-416d-90e6-5659119a3c26/8eecae9e-ad0d-4b80-93f8-f84b15359e21_532488752.jpeg?h=225&w=225,Food Cupboard,Home Baking & Sugar
254851421,Lyles Golden Syrup 454G,£1.75,£0.38/100g,£1.40 Clubcard Price,(£0.31/100g),True,Offer valid for delivery from 02/04/2025 until 22/04/2025,False,4.4,15,False,https://www.tesco.com/groceries/en-GB/products/254851421,https://digitalcontent.api.tesco.com/v2/media/ghs/3db368ef-ab6e-479e-bf7f-4e7d80e5186a/5b260450-3249-4bdf-8e05-fd0c786aeafe_810436033.jpeg?h=225&w=225,Food Cupboard,Home Baking & Sugar
252395497,Carnation Light Evaporated Milk Tin 410g,£1.40,£3.42/kg,,,False,,False,4.8,126,False,https://www.tesco.com/groceries/en-GB/products/252395497,https://digitalcontent.api.tesco.com/v2/media/ghs/f0d51eec-1972-448e-a710-31e186f99484/234ed93b-6589-4e62-94b6-c73e440faf0d_761358193.jpeg?h=225&w=225,Food Cupboard,Home Baking & Sugar
293702580,Tesco Glace Cherry Halves 200G,£1.80,£9.00/kg,,,False,,False,4.9,123,False,https://www.tesco.com/groceries/en-GB/products/293702580,https://digitalcontent.api.tesco.com/v2/media/ghs/cc8feb8f-62c3-4b99-b2ea-7c77f6967cfa/04411f72-d7cc-4385-bf37-5d1ee94bef76_529978891.jpeg?h=225&w=225,Food Cupboard,Home Baking & Sugar
282996414,Dr.Oetker Baking Powder Tub 170G,£1.40,£0.82/100g,£1.10 Clubcard Price,(£0.65/100g),True,Offer valid for delivery from 03/04/2025 until 22/04/2025,False,,2,False,https://www.tesco.com/groceries/en-GB/products/282996414,https://digitalcontent.api.tesco.com/v2/media/ghs/2e30305e-a5de-4cc7-ad6b-4ca270872b56/762a3fb5-5bbd-4a6e-8be9-826b3932000f_832836281.jpeg?h=225&w=225,Food Cupboard,Home Baking & Sugar
287206934,Silver Spoon Granulated Sugar 5Kg,£5.00,£1.00/kg,,,False,,False,4.3,18,False,https://www.tesco.com/groceries/en-GB/products/287206934,https://digitalcontent.api.tesco.com/v2/media/ghs/720efa68-990b-4ba2-a8a8-e470a9afb57e/9ae0cfe9-4975-4aae-9e92-fe80077de86e_516100932.jpeg?h=225&w=225,Food Cupboard,Home Baking & Sugar
282996938,Dr.Oetker Bicarbonate Soda 200G,£1.40,£0.70/100g,£1.10 Clubcard Price,(£0.55/100g),True,Offer valid for delivery from 03/04/2025 until 22/04/2025,False,,2,False,https://www.tesco.com/groceries/en-GB/products/282996938,https://digitalcontent.api.tesco.com/v2/media/ghs/660fd882-d0ab-4792-a614-e5fa4872cdb9/9467cb0b-7451-4091-861c-9a8670c87164_1852508236.jpeg?h=225&w=225,Food Cupboard,Home Baking & Sugar
289574010,Tesco Family Size Crumble Mix 450G,£1.20,£2.67/kg,,,False,,False,3.5,61,False,https://www.tesco.com/groceries/en-GB/products/289574010,https://digitalcontent.api.tesco.com/v2/media/ghs/c4dca9b9-cc93-45ab-bea2-4b2a25513a0b/449c97d9-63c1-463b-a720-a938015430e1_900728083.jpeg?h=225&w=225,Food Cupboard,Home Baking & Sugar
271257713,Allinson's Easy Bake Yeast 100g,£1.50,£15.00/kg,£1.20 Clubcard Price,(£12.00/kg),True,Offer valid for delivery from 02/04/2025 until 22/04/2025,False,3.2,43,False,https://www.tesco.com/groceries/en-GB/products/271257713,https://digitalcontent.api.tesco.com/v2/media/ghs/5abd0825-eb07-4fce-9277-a6fff9df00dc/0491808a-1877-4e2e-a387-f0110837f54c_1275462859.jpeg?h=225&w=225,Food Cupboard,Home Baking & Sugar
259690735,Tesco White Cooking Chocolate 150G,£1.65,£1.10/100g,,,False,,False,4.6,25,False,https://www.tesco.com/groceries/en-GB/products/259690735,https://digitalcontent.api.tesco.com/v2/media/ghs/dd5b305d-7dd1-42f8-aada-1231eb691965/183cd708-5e55-4929-ab0b-57807f2564d8_1448113404.jpeg?h=225&w=225,Food Cupboard,Home Baking & Sugar
289397127,Tesco Low Calorie Sucralose-Based Sweetener 75G,£0.90,£12.00/kg,,,False,,False,4.7,43,False,https://www.tesco.com/groceries/en-GB/products/289397127,https://digitalcontent.api.tesco.com/v2/media/ghs/431be19e-f9a9-4302-bf82-8d377e5ac2d4/40d360b5-4737-4624-9d07-46189d620ec8_1913953281.jpeg?h=225&w=225,Food Cupboard,Home Baking & Sugar
299585229,Tesco Cocoa Powder 250G,£2.15,£0.86/100g,,,False,,False,4.1,35,False,https://www.tesco.com/groceries/en-GB/products/299585229,https://digitalcontent.api.tesco.com/v2/media/ghs/7253b6a5-22d4-4cf6-ab10-5feaa84817df/aea4d419-7d95-4d8b-9a18-e4def04581a8_1790658600.jpeg?h=225&w=225,Food Cupboard,Home Baking & Sugar
309476129,Stockwell & Co. Baking Powder 150G,£0.57,£0.38/100g,,,False,,False,4.6,94,False,https://www.tesco.com/groceries/en-GB/products/309476129,https://digitalcontent.api.tesco.com/v2/media/ghs/eb5cf8d5-edac-45c3-9aad-a2a9680a5328/a2e2cd38-9a9b-492b-8bbb-a36afd9c7ae8_100262832.jpeg?h=225&w=225,Food Cupboard,Home Baking & Sugar
309495418,Tesco Ground Almonds 500G,£5.85,£11.70/kg,,,False,,False,,40,False,https://www.tesco.com/groceries/en-GB/products/309495418,https://digitalcontent.api.tesco.com/v2/media/ghs/577aa172-81a0-4a4a-8b42-38fa44128461/69b7c88e-6dc8-4915-9580-4ae91653c790_1820204890.jpeg?h=225&w=225,Food Cupboard,Home Baking & Sugar
259291597,Billingtons Demerara Sugar 1Kg,£3.30,£3.30/kg,,,False,,False,4.5,13,False,https://www.tesco.com/groceries/en-GB/products/259291597,https://digitalcontent.api.tesco.com/v2/media/ghs/d17f27bc-ffdb-48ca-b657-4ffc315c9663/44d271f3-f6b1-4b4c-be55-afdf79ada912_128969415.jpeg?h=225&w=225,Food Cupboard,Home Baking & Sugar
309495228,Tesco Desiccated Coconut 200G,£2.00,£10.00/kg,,,False,,False,4.4,51,False,https://www.tesco.com/groceries/en-GB/products/309495228,https://digitalcontent.api.tesco.com/v2/media/ghs/d75b7727-8256-45f8-82d3-6670622eff93/ad0e0555-1c75-4412-be3c-ee2748b87f5f_1046412350.jpeg?h=225&w=225,Food Cupboard,Home Baking & Sugar
259291545,Billingtons Demerara Sugar 500G,£2.15,£4.30/kg,,,False,,False,,3,False,https://www.tesco.com/groceries/en-GB/products/259291545,https://digitalcontent.api.tesco.com/v2/media/ghs/65ccc9ce-7942-4b5f-9aa2-0e8ecb4997f4/e419b765-a21b-4c25-a30b-e31ee3bd697d_661468698.jpeg?h=225&w=225,Food Cupboard,Home Baking & Sugar
254917598,Canderel Tablets 300 Pack 25.5g,£3.30,£129.41/kg,,,False,,False,4.1,8,False,https://www.tesco.com/groceries/en-GB/products/254917598,https://digitalcontent.api.tesco.com/v2/media/ghs/b77df172-d085-4eae-a1e4-fc80748aa975/ff940cf4-5770-4804-b201-59a4d79a74d3_1664182733.jpeg?h=225&w=225,Food Cupboard,Home Baking & Sugar
312221745,Tesco 5 Decorate Your Own Gingerbread Men Kit 199G,£2.75,£1.38/100g,,,False,,False,,,False,https://www.tesco.com/groceries/en-GB/products/312221745,https://digitalcontent.api.tesco.com/v2/media/ghs/9f47a49b-9e7e-463f-9dce-98108ea0174d/bc2cc25f-8b8d-4800-b5f6-f982b8c4cf94_1059262807.jpeg?h=225&w=225,Food Cupboard,Home Baking & Sugar
254917120,Billington's Golden Granulated Sugar 1Kg,£2.75,£2.75/kg,,,False,,False,,7,False,https://www.tesco.com/groceries/en-GB/products/254917120,https://digitalcontent.api.tesco.com/v2/media/ghs/ff3bd8d6-b576-45cc-a305-a6c26a2735eb/5f2c24ac-d0ae-4b53-9c7a-8e56bdc7ba4f_1311233764.jpeg?h=225&w=225,Food Cupboard,Home Baking & Sugar
273884278,Billingtons Light Muscovado 500G,£2.20,£4.40/kg,£1.65 Save 25% Clubcard Price,(£3.30/kg),True,Offer valid for delivery from 16/04/2025 until 13/05/2025,False,,4,False,https://www.tesco.com/groceries/en-GB/products/273884278,https://digitalcontent.api.tesco.com/v2/media/ghs/bb36ff4e-3622-444b-82cc-287b3219a2cf/56cb328e-fbe8-4e16-8f52-2afff0fbafd9_1200523367.jpeg?h=225&w=225,Food Cupboard,Home Baking & Sugar
273883901,Billingtons Dark Muscovado 500G,£2.20,£4.40/kg,£1.65 Save 25% Clubcard Price,(£3.30/kg),True,Offer valid for delivery from 16/04/2025 until 13/05/2025,False,4.4,7,False,https://www.tesco.com/groceries/en-GB/products/273883901,https://digitalcontent.api.tesco.com/v2/media/ghs/b0ada5c3-ee00-46fc-9e08-369a1c4b9e72/7342fef6-6761-41c9-888f-9146c9f9b843_729947676.jpeg?h=225&w=225,Food Cupboard,Home Baking & Sugar
285509012,Billingtons Golden Caster 1Kg,£2.75,£2.75/kg,,,False,,False,,3,False,https://www.tesco.com/groceries/en-GB/products/285509012,https://digitalcontent.api.tesco.com/v2/media/ghs/e0779867-906d-4aef-8aef-ec5003c3faba/5a079021-f5b1-4785-a413-d78feb8a1040_924718092.jpeg?h=225&w=225,Food Cupboard,Home Baking & Sugar
282060773,Groovy Food Agave Light And Mild 250Ml,£2.85,£11.40/litre,,,False,,False,,9,False,https://www.tesco.com/groceries/en-GB/products/282060773,https://digitalcontent.api.tesco.com/v2/media/ghs/d2a9f5c5-94b8-4b72-8799-b0973d9e26bf/0c6bef55-cf1d-46dc-8eda-da6f09e94ddd_1817283708.jpeg?h=225&w=225,Food Cupboard,Home Baking & Sugar
254914365,Tesco Whole Blanched Almonds 100G,£1.80,£18.00/kg,,,False,,False,4.7,38,False,https://www.tesco.com/groceries/en-GB/products/254914365,https://digitalcontent.api.tesco.com/v2/media/ghs/218b3ce9-427a-4df3-841e-54792fc5818f/9f188660-83b4-4a2d-a878-52c529e8e50c_659998064.jpeg?h=225&w=225,Food Cupboard,Home Baking & Sugar
309456984,Tesco Organic Ground Almonds 100G,£2.50,£25.00/kg,,,False,,False,4.8,15,False,https://www.tesco.com/groceries/en-GB/products/309456984,https://digitalcontent.api.tesco.com/v2/media/ghs/0fe1e27c-1781-452a-abde-8bc93a622049/43e0915e-cd21-40d5-a50b-c76be22836db_1560167756.jpeg?h=225&w=225,Food Cupboard,Home Baking & Sugar
262750183,Silver Spoon Sweetener 400 Pack,£1.90,£0.00/kg,,,False,,False,3.5,20,False,https://www.tesco.com/groceries/en-GB/products/262750183,https://digitalcontent.api.tesco.com/v2/media/ghs/0affcb6c-181d-4511-b5f7-21b0bb9a37b2/71ff1e1d-757a-488c-a82e-1a1081951f11_622331497.jpeg?h=225&w=225,Food Cupboard,Home Baking & Sugar
256192794,Tesco Roasted Chopped Hazelnut 100G,£2.10,£21.00/kg,,,False,,False,4.7,29,False,https://www.tesco.com/groceries/en-GB/products/256192794,https://digitalcontent.api.tesco.com/v2/media/ghs/2519eb0d-8a36-4ea9-8d32-cb9f0f1f542e/f5467b66-74d6-4731-9430-940b2e9553ad_1212148630.jpeg?h=225&w=225,Food Cupboard,Home Baking & Sugar
264908041,Opies Stem Ginger 350G,,,,,False,,False,,13,False,https://www.tesco.com/groceries/en-GB/products/264908041,https://digitalcontent.api.tesco.com/v2/media/ghs/45011c84-3743-4254-b82b-0ac832285ea3/439b0f97-6a49-4841-a940-02c06d027a4a_1775075119.jpeg?h=225&w=225,Food Cupboard,Home Baking & Sugar
278274664,Tesco Milk Chocolate Chunks 100G,£1.90,£1.90/100g,,,False,,False,4.6,22,False,https://www.tesco.com/groceries/en-GB/products/278274664,https://digitalcontent.api.tesco.com/v2/media/ghs/4f8d6dfe-03f6-4049-aee5-05a95700f4cc/8a982a0c-da49-4d5b-9127-2450ee00897d_347288813.jpeg?h=225&w=225,Food Cupboard,Home Baking & Sugar
278906027,Tesco Fondant Ready Rolled Icing 450G,£3.45,£0.77/100g,,,False,,False,2.7,7,False,https://www.tesco.com/groceries/en-GB/products/278906027,https://digitalcontent.api.tesco.com/v2/media/ghs/b8e39986-1388-4deb-80aa-3092d210060c/5f1aaf0c-4b0b-42f1-8f7b-8b31322a92f9_703949921.jpeg?h=225&w=225,Food Cupboard,Home Baking & Sugar
250535664,Tesco Sweet Fondant Icing Ready To Roll 500g,£1.90,£0.38/100g,,,False,,False,4.3,16,False,https://www.tesco.com/groceries/en-GB/products/250535664,https://digitalcontent.api.tesco.com/v2/media/ghs/778309f7-c92c-4a53-a1a5-faf60685b31b/653158fc-9270-498a-a08f-1d2d4bdf387d_1798695770.jpeg?h=225&w=225,Food Cupboard,Home Baking & Sugar
314411759,Dr. Oetker Rainbow Chocolate Chips Mix 90G,£2.30,£2.56/100g,£1.55 Clubcard Price,(£1.72/100g),True,Offer valid for delivery from 03/04/2025 until 22/04/2025,False,,1,False,https://www.tesco.com/groceries/en-GB/products/314411759,https://digitalcontent.api.tesco.com/v2/media/ghs/aef2bc77-eee0-4a9e-9c80-6e0757dce609/e5cf5e45-660b-45e6-9177-3a7beb944c88_66635398.jpeg?h=225&w=225,Food Cupboard,Home Baking & Sugar
304788799,Cake Decor Coloured Writing Icing 76G,£2.10,£2.76/100g,£1.65 Clubcard Price,(£2.17/100g),True,Offer valid for delivery from 02/04/2025 until 22/04/2025,False,1.8,6,False,https://www.tesco.com/groceries/en-GB/products/304788799,https://digitalcontent.api.tesco.com/v2/media/ghs/fc4f28e5-63b1-4d29-91a7-4983286ec09e/62cc1634-6cc1-46c3-a140-e3c4197c62bb_1821873088.jpeg?h=225&w=225,Food Cupboard,Home Baking & Sugar
292399138,Tesco Hundreds & Thousands Sprinkles 85g,£1.25,£1.47/100g,,,False,,False,4.6,17,False,https://www.tesco.com/groceries/en-GB/products/292399138,https://digitalcontent.api.tesco.com/v2/media/ghs/1c4d40b5-9fb8-47f2-ba8a-49dc6e50d6c0/59ac52c3-6394-43de-b40e-513a8230dbe8_262334148.jpeg?h=225&w=225,Food Cupboard,Home Baking & Sugar
275930653,Whitworths Chopped Dates 250G,£2.35,£9.40/kg,Any 2 for £3.20 Clubcard Price - Selected Whitworths Classics Multibuy 130g-350g,,True,Offer valid for delivery from 01/01/2025 until 01/09/2025,False,4.5,8,False,https://www.tesco.com/groceries/en-GB/products/275930653,https://digitalcontent.api.tesco.com/v2/media/ghs/96529152-0914-4227-9221-952ed4165d5a/4039a192-e5be-456f-bf30-0e0e0fe5dd99_1608253780.jpeg?h=225&w=225,Food Cupboard,Home Baking & Sugar
259652136,Tesco Sesame Seeds 100G,£1.20,£12.00/kg,,,False,,False,4.6,25,False,https://www.tesco.com/groceries/en-GB/products/259652136,https://digitalcontent.api.tesco.com/v2/media/ghs/d3102f70-7197-43cd-a1a9-1e4a2af3e3ad/de3db569-62c0-4f53-9a33-451e117d7906_1798495655.jpeg?h=225&w=225,Food Cupboard,Home Baking & Sugar
256004166,Tesco Chopped Mixed Nuts 200G,£1.75,£8.75/kg,,,False,,False,4.4,42,False,https://www.tesco.com/groceries/en-GB/products/256004166,https://digitalcontent.api.tesco.com/v2/media/ghs/0e255ee7-4dde-419f-8017-691c02c6d10f/4f482f3f-c396-43a7-8104-0b582c546c03_1273882687.jpeg?h=225&w=225,Food Cupboard,Home Baking & Sugar
302154183,Mcdougalls Plain Flour 1.1Kg,£1.65,£1.50/kg,£1.30 Clubcard Price,(£1.18/kg),True,Offer valid for delivery from 02/04/2025 until 22/04/2025,False,4.5,92,False,https://www.tesco.com/groceries/en-GB/products/302154183,https://digitalcontent.api.tesco.com/v2/media/ghs/fcb809af-e4a4-4e3d-bcd7-64536f4f5433/c8d04ec1-94ba-4b55-bce4-833ae5e36ea7_1642138628.jpeg?h=225&w=225,Food Cupboard,Home Baking & Sugar
302154200,Mcdougalls Self Raising Flour 1.1Kg,£1.65,£1.50/kg,£1.30 Clubcard Price,(£1.18/kg),True,Offer valid for delivery from 02/04/2025 until 22/04/2025,False,4.8,96,False,https://www.tesco.com/groceries/en-GB/products/302154200,https://digitalcontent.api.tesco.com/v2/media/ghs/22a9945b-7adb-478b-a154-8c09c192076b/46fcbcde-baff-415a-98ce-6918f4e71ade_448995675.jpeg?h=225&w=225,Food Cupboard,Home Baking & Sugar
252015539,Tesco Crusty White Farmhouse Bread Mix 500G,£1.00,£2.00/kg,,,False,,False,3.6,41,False,https://www.tesco.com/groceries/en-GB/products/252015539,https://digitalcontent.api.tesco.com/v2/media/ghs/144ec8ad-5ee8-4752-b103-249844740e34/07cec031-bd6e-49e5-a63d-ce9f75b4cc21_1525519561.jpeg?h=225&w=225,Food Cupboard,Home Baking & Sugar
257067302,Tesco Organic Plain Flour 1Kg,£1.70,£1.70/kg,,,False,,False,4.6,32,False,https://www.tesco.com/groceries/en-GB/products/257067302,https://digitalcontent.api.tesco.com/v2/media/ghs/496500ad-1442-4d27-9fe8-0b457634efe9/36559406-164d-4bd4-9948-c68f6546cef6_1503511516.jpeg?h=225&w=225,Food Cupboard,Home Baking & Sugar
250304402,Doves Farm Gluten Free Plain Flour 1Kg,£1.95,£1.95/kg,,,False,,False,4.9,7,False,https://www.tesco.com/groceries/en-GB/products/250304402,https://digitalcontent.api.tesco.com/v2/media/ghs/c564d5c4-fe74-4140-a6f9-f49aa302e0b1/c99a665f-6801-4be2-9b9d-44e897a91146_539269672.jpeg?h=225&w=225,Food Cupboard,Home Baking & Sugar
280484355,Whitworths Extra Juicy Sultanas 325G,£2.00,£6.15/kg,Any 2 for £3.20 Clubcard Price - Selected Whitworths Classics Multibuy 130g-350g,,True,Offer valid for delivery from 01/01/2025 until 01/09/2025,False,3.7,11,False,https://www.tesco.com/groceries/en-GB/products/280484355,https://digitalcontent.api.tesco.com/v2/media/ghs/a9820db8-89d2-48d6-a140-f8cc063e6da3/d372e194-ee8e-4ca0-80d4-713cf478132f_437606320.jpeg?h=225&w=225,Food Cupboard,Home Baking & Sugar
306390368,Carnation Caramel Drizzle 450g,£2.50,£0.56/100g,,,False,,False,4.8,123,False,https://www.tesco.com/groceries/en-GB/products/306390368,https://digitalcontent.api.tesco.com/v2/media/ghs/a92df3fd-b89e-41ff-aaa5-86d80b5b947b/c9137e80-eb36-45e9-9343-3406a617b809_298279942.jpeg?h=225&w=225,Food Cupboard,Home Baking & Sugar
309451056,Tesco Vegetable Suet 200G,£1.70,£8.50/kg,,,False,,False,4.7,59,False,https://www.tesco.com/groceries/en-GB/products/309451056,https://digitalcontent.api.tesco.com/v2/media/ghs/7f0c82ff-3834-41b7-be53-89e490c424c5/c207fd38-0f76-41cb-8985-934d9e916da9_210023590.jpeg?h=225&w=225,Food Cupboard,Home Baking & Sugar
289397824,Tesco Sucralose Tablet Sweetener 300Pk,£1.20,£0.00/each,,,False,,False,4.4,42,False,https://www.tesco.com/groceries/en-GB/products/289397824,https://digitalcontent.api.tesco.com/v2/media/ghs/0e29050d-9819-4354-8aec-fc3487a60070/06eb5d88-4fa9-4b2d-86eb-155b0a900a85_238501289.jpeg?h=225&w=225,Food Cupboard,Home Baking & Sugar
264177046,Freee Gluten Free Self Raising White Flour 1kg,£1.95,£1.95/kg,,,False,,False,4.2,15,False,https://www.tesco.com/groceries/en-GB/products/264177046,https://digitalcontent.api.tesco.com/v2/media/ghs/0b53a64a-4dd2-4882-a626-52829329c55b/f9832d79-3eaf-4c1e-abe1-f7d9b822a418_1126658505.jpeg?h=225&w=225,Food Cupboard,Home Baking & Sugar
309784900,Tesco American Style Pancake Shaker Mix 155G,£1.15,£7.42/kg,,,False,,False,4.2,24,False,https://www.tesco.com/groceries/en-GB/products/309784900,https://digitalcontent.api.tesco.com/v2/media/ghs/73a4a103-17c8-406b-ba1f-aaa3a6a4b71d/d1a7268e-fd4a-4d00-830c-7e7680886283_675345764.jpeg?h=225&w=225,Food Cupboard,Home Baking & Sugar
254914244,Tesco Italian Mixed Peel 200G,£1.40,£7.00/kg,,,False,,False,4.6,38,False,https://www.tesco.com/groceries/en-GB/products/254914244,https://digitalcontent.api.tesco.com/v2/media/ghs/8c6d5814-13ed-4f48-a257-1538f03ea60d/20c5c0aa-9d02-4f92-bb08-c8ef5e30ca38_2107182964.jpeg?h=225&w=225,Food Cupboard,Home Baking & Sugar
281282235,Tesco Mixed Fruit with Cranberries & Apricots 500g,£2.20,£4.40/kg,,,False,,False,4.9,91,False,https://www.tesco.com/groceries/en-GB/products/281282235,https://digitalcontent.api.tesco.com/v2/media/ghs/1fdc98f3-cc7c-41b8-b3dd-e512a4f581bc/ef515a14-74e3-4bc6-8ee1-4ec01d11c89a_1076245183.jpeg?h=225&w=225,Food Cupboard,Home Baking & Sugar
301868463,Nestle Condensed Milk 397g,£1.90,£4.79/kg,,,False,,False,,2,False,https://www.tesco.com/groceries/en-GB/products/301868463,https://digitalcontent.api.tesco.com/v2/media/ghs/5ede7c9a-81ca-4fc9-bb5e-177b2b24d633/ce7a0cbc-802c-4504-a309-ddaaf6cec16e_1478366598.jpeg?h=225&w=225,Food Cupboard,Home Baking & Sugar
271657355,Tesco Medium Chapatti Flour 10Kg,£7.50,£0.75/kg,,,False,,False,4.2,65,False,https://www.tesco.com/groceries/en-GB/products/271657355,https://digitalcontent.api.tesco.com/v2/media/ghs/9fdb3bcd-be63-4019-a30b-dc2b2f9e36a7/bf54579c-83e4-4f8d-b9e0-7e4d62cd73d9_1459473298.jpeg?h=225&w=225,Food Cupboard,Home Baking & Sugar
293191606,Taylor & Colledge Vanilla Bean Extract 100G,,,£5.00 Clubcard Price,(£0.50/10ml),True,Offer valid for delivery from 19/03/2025 until 13/05/2025,False,4.6,79,False,https://www.tesco.com/groceries/en-GB/products/293191606,https://digitalcontent.api.tesco.com/v2/media/ghs/a18545c4-659a-452c-8806-42f5662bef11/b0a83a34-e7a2-4876-a96b-4d944e4129c8_1479429719.jpeg?h=225&w=225,Food Cupboard,Home Baking & Sugar
256775669,Tesco Dark Brown Soft Sugar 1Kg Bag,£3.50,£3.50/kg,,,False,,False,4.7,43,False,https://www.tesco.com/groceries/en-GB/products/256775669,https://digitalcontent.api.tesco.com/v2/media/ghs/583cfb58-ab0f-464f-bfd2-ec6f7e1a4cec/ae1bf60b-b3fa-4830-8d66-881df5a366b9_1719799017.jpeg?h=225&w=225,Food Cupboard,Home Baking & Sugar
259247714,Hermesetas Mini Sweeteners 800 Pack,£3.65,£0.00/each,,,False,,False,4.9,8,False,https://www.tesco.com/groceries/en-GB/products/259247714,https://digitalcontent.api.tesco.com/v2/media/ghs/59fbbf12-1c6c-4884-bf20-c0826806c019/474d6806-d615-4ed3-89d5-d918b8364f9c_1906312119.jpeg?h=225&w=225,Food Cupboard,Home Baking & Sugar
310654760,Billington's Demerara Rough Cut Cubes 500G,£2.45,£4.90/kg,,,False,,False,3.8,5,False,https://www.tesco.com/groceries/en-GB/products/310654760,https://digitalcontent.api.tesco.com/v2/media/ghs/b8d5f831-b852-4cf2-b660-8b97ad5ab22b/3f6074ba-2f42-4dea-9a69-21d0a622615e_1593352390.jpeg?h=225&w=225,Food Cupboard,Home Baking & Sugar
261149488,Splenda Low Calorie Sweetener Granulated 125G,£3.00,£24.00/kg,,,False,,False,4.7,6,False,https://www.tesco.com/groceries/en-GB/products/261149488,https://digitalcontent.api.tesco.com/v2/media/ghs/358a78f8-882c-45a1-b830-5f973fb7f36e/9b0a4971-5db2-4ec3-9fa0-8cedc4a565a7_1598337497.jpeg?h=225&w=225,Food Cupboard,Home Baking & Sugar
288716692,Betty Crocker Vanilla Buttercream Style Icing 400G,£3.00,£0.75/100g,£2.40 Clubcard Price,(£0.60/100g),True,Offer valid for delivery from 02/04/2025 until 22/04/2025,False,4.1,41,False,https://www.tesco.com/groceries/en-GB/products/288716692,https://digitalcontent.api.tesco.com/v2/media/ghs/349019f1-0dde-4840-8c33-71a285f4888b/a4f700be-ab67-451a-9ebb-f04c94a8e337_1806319203.jpeg?h=225&w=225,Food Cupboard,Home Baking & Sugar
288730294,Betty Crocker Chocolate Fudge Icing 400G,£3.00,£0.75/100g,£2.40 Clubcard Price,(£0.60/100g),True,Offer valid for delivery from 02/04/2025 until 22/04/2025,False,4.5,42,False,https://www.tesco.com/groceries/en-GB/products/288730294,https://digitalcontent.api.tesco.com/v2/media/ghs/d2129c1e-d0c0-4198-ae44-8baade59e417/007b6bd6-e342-43ce-a64c-7afc4dae32a6_1560379009.jpeg?h=225&w=225,Food Cupboard,Home Baking & Sugar
289584735,Betty Crocker Devils Food Chocolate Cake Mix 425G,£3.00,£7.06/kg,£2.40 Clubcard Price,(£5.65/kg),True,Offer valid for delivery from 02/04/2025 until 22/04/2025,False,4.6,53,False,https://www.tesco.com/groceries/en-GB/products/289584735,https://digitalcontent.api.tesco.com/v2/media/ghs/d96bdb95-f53d-47e4-9ffc-397e8ea10231/e1e1f3b9-7d7c-488d-aa13-c914625d5034_2010158424.jpeg?h=225&w=225,Food Cupboard,Home Baking & Sugar
289573832,Tesco Gingerbread Mix 225G,£1.80,£8.00/kg,,,False,,False,4.3,9,False,https://www.tesco.com/groceries/en-GB/products/289573832,https://digitalcontent.api.tesco.com/v2/media/ghs/5c8f8cd3-85c4-4dee-9c08-5e8fac2fa009/e25f9fac-57d5-4c54-a08c-7e0b85a671d4_551298917.jpeg?h=225&w=225,Food Cupboard,Home Baking & Sugar
278974659,Truvia Sweetener From Stevia Leaf 100 Tablets 5G,£2.60,£520.00/kg,,,False,,False,3.8,44,False,https://www.tesco.com/groceries/en-GB/products/278974659,https://digitalcontent.api.tesco.com/v2/media/ghs/814345dd-1d45-4a73-9a06-ffaf7b52ff25/ff5c2fa2-9b22-49b1-b653-d37e1edac10d_1089665786.jpeg?h=225&w=225,Food Cupboard,Home Baking & Sugar
259463129,Tesco Whole Blanched Hazelnuts 100G,£2.10,£21.00/kg,,,False,,False,4.1,13,False,https://www.tesco.com/groceries/en-GB/products/259463129,https://digitalcontent.api.tesco.com/v2/media/ghs/9b9ba3e0-09b3-47ca-a5a2-462c4c008d04/8d78c98f-e64b-496f-b9da-78b11c6de9c2_1520104435.jpeg?h=225&w=225,Food Cupboard,Home Baking & Sugar
311687598,Tesco Finest '00' Grade Pasta & Pizza Flour 1Kg,,,,,False,,False,2.8,9,False,https://www.tesco.com/groceries/en-GB/products/311687598,https://digitalcontent.api.tesco.com/v2/media/ghs/32d05c6a-c35e-4c49-8099-15ad14118082/e543a9fe-515f-4f3b-8d53-5c5c385117d3_217534533.jpeg?h=225&w=225,Food Cupboard,Home Baking & Sugar
278906004,Tesco Ready Rolled Marzipan 400G,£3.45,£0.86/100g,,,False,,False,2.7,13,False,https://www.tesco.com/groceries/en-GB/products/278906004,https://digitalcontent.api.tesco.com/v2/media/ghs/5c62bb3f-8f4d-4399-a572-662e87a3276e/d53da66b-8ced-4279-a96e-925c0ea99ce4_130714754.jpeg?h=225&w=225,Food Cupboard,Home Baking & Sugar
304724456,Dr Oetker Platinum Grdleaf Gelatine 13G,£2.25,£17.31/100g,£1.70 Clubcard Price,(£13.08/100g),True,Offer valid for delivery from 03/04/2025 until 22/04/2025,False,,,False,https://www.tesco.com/groceries/en-GB/products/304724456,https://digitalcontent.api.tesco.com/v2/media/ghs/32c64451-34c8-4c28-b75d-32a13e396d9a/9f340acb-61a0-42a8-a364-4fee0a2d2487_1826491918.jpeg?h=225&w=225,Food Cupboard,Home Baking & Sugar
297356988,Dr. Oetker Extra Strong Food Colour Gel - Green 15g,£1.50,£1.00/10g,,,False,,False,,,False,https://www.tesco.com/groceries/en-GB/products/297356988,https://digitalcontent.api.tesco.com/v2/media/ghs/8629511a-6326-4dd8-8274-170227b61a0f/305d8730-22a6-4a45-9bdf-28196bdcca40_253182564.jpeg?h=225&w=225,Food Cupboard,Home Baking & Sugar
297356920,Dr. Oetker Extra Strong Food Colour Gel - Red 15g,£1.50,£1.00/10g,,,False,,False,1.5,11,False,https://www.tesco.com/groceries/en-GB/products/297356920,https://digitalcontent.api.tesco.com/v2/media/ghs/689dcaa1-af3d-432e-8d7b-71d3590118a3/de5685a2-f535-4169-9a03-809d1e2fe67e_964150447.jpeg?h=225&w=225,Food Cupboard,Home Baking & Sugar
304793079,Cake Decor Coloured Writing Icing 76G,£2.10,£2.76/100g,£1.65 Clubcard Price,(£2.17/100g),True,Offer valid for delivery from 02/04/2025 until 22/04/2025,False,,,False,https://www.tesco.com/groceries/en-GB/products/304793079,https://digitalcontent.api.tesco.com/v2/media/ghs/f5d28dd3-2613-4542-89d4-f2dc917cd13d/4822ff46-3fd5-4a34-8d51-927b3ee30854_1090323966.jpeg?h=225&w=225,Food Cupboard,Home Baking & Sugar
292398928,Tesco Colourful Sprinkles 70G,£1.25,£1.79/100g,,,False,,False,4.9,12,False,https://www.tesco.com/groceries/en-GB/products/292398928,https://digitalcontent.api.tesco.com/v2/media/ghs/6824a529-4951-4231-8767-cc3c53187c01/686259e7-7a25-48f0-8abb-fdb3f37bd9d5_1088003618.jpeg?h=225&w=225,Food Cupboard,Home Baking & Sugar
306822170,Allinson's Country Grain Bread Flour 1Kg,£2.30,£2.30/kg,£1.80 Clubcard Price,(£1.80/kg),True,Offer valid for delivery from 02/04/2025 until 22/04/2025,False,4.6,9,False,https://www.tesco.com/groceries/en-GB/products/306822170,https://digitalcontent.api.tesco.com/v2/media/ghs/4b601d4c-e89d-4ede-8317-2defee280fa4/7c5d9d2a-a47e-4509-8132-44c29d304e87_1544444881.jpeg?h=225&w=225,Food Cupboard,Home Baking & Sugar
309498283,Create A Cake White Fairy Cake Cases 100,£1.65,£0.02/each,£1.30 Clubcard Price,(£0.01/each),True,Offer valid for delivery from 11/04/2025 until 22/04/2025,False,,,False,https://www.tesco.com/groceries/en-GB/products/309498283,https://digitalcontent.api.tesco.com/v2/media/ghs/ae9de81d-0086-41cb-ab63-fd8b808b7684/4a372e92-29f5-45eb-bf0a-7b3c892043f4_1185344558.jpeg?h=225&w=225,Food Cupboard,Home Baking & Sugar
297133837,Tesco Vanilla Flavour Frosting 400G,£1.95,£0.49/100g,,,False,,False,3.5,20,False,https://www.tesco.com/groceries/en-GB/products/297133837,https://digitalcontent.api.tesco.com/v2/media/ghs/6383b454-012b-4043-a861-9551d028a96e/5e3824ff-ada0-4902-8d53-87113659b0b8_1080124392.jpeg?h=225&w=225,Food Cupboard,Home Baking & Sugar
278975727,Tesco Glace Morello Cherries 200G,£2.20,£11.00/kg,,,False,,False,4.2,18,False,https://www.tesco.com/groceries/en-GB/products/278975727,https://digitalcontent.api.tesco.com/v2/media/ghs/9683b33b-7272-4f88-af12-1f620e1f235d/eb687bfb-5ad7-4edc-abc7-6426287cef01_360578567.jpeg?h=225&w=225,Food Cupboard,Home Baking & Sugar
309456235,Tesco Beef Suet 200G,£1.70,£8.50/kg,,,False,,False,4.5,41,False,https://www.tesco.com/groceries/en-GB/products/309456235,https://digitalcontent.api.tesco.com/v2/media/ghs/07822260-b9c0-4e0a-8fe8-4d4ed4774584/0dc42190-8751-4b98-8242-e821eca68ff9_1200353859.jpeg?h=225&w=225,Food Cupboard,Home Baking & Sugar
309753217,Create A Cake White Muffin Cases 75,£1.65,£0.02/each,£1.30 Clubcard Price,(£0.02/each),True,Offer valid for delivery from 11/04/2025 until 22/04/2025,False,3.8,6,False,https://www.tesco.com/groceries/en-GB/products/309753217,https://digitalcontent.api.tesco.com/v2/media/ghs/5cf463d6-01e4-4bc7-869a-7f51aece4274/91451139-26ee-4b80-8947-5e489621bb78_461999591.jpeg?h=225&w=225,Food Cupboard,Home Baking & Sugar
252380883,Tesco Organic Strong White Flour 1Kg,£1.70,£1.70/kg,,,False,,False,3.6,23,False,https://www.tesco.com/groceries/en-GB/products/252380883,https://digitalcontent.api.tesco.com/v2/media/ghs/e7baee93-dee0-4e53-b819-07e0f4e0732c/668db9d2-2fbc-4611-abd9-1e56d0a71c64_40860509.jpeg?h=225&w=225,Food Cupboard,Home Baking & Sugar
252015574,Tesco Crusty Wholemeal Bread Mix 500G,£1.00,£2.00/kg,,,False,,False,2.8,31,False,https://www.tesco.com/groceries/en-GB/products/252015574,https://digitalcontent.api.tesco.com/v2/media/ghs/ae51dc46-d910-4266-996d-dee2d8c2e32f/629cd8c8-6cd6-4910-80f0-16429479bf8c_1015015970.jpeg?h=225&w=225,Food Cupboard,Home Baking & Sugar
275658060,Dr. Oetker Ready to Roll Marzipan 454g,£3.00,£0.66/100g,£2.40 Clubcard Price,(£0.53/100g),True,Offer valid for delivery from 03/04/2025 until 22/04/2025,False,,,False,https://www.tesco.com/groceries/en-GB/products/275658060,https://digitalcontent.api.tesco.com/v2/media/ghs/9cdbce14-a711-49c1-af7e-1606ced96734/54230284-994b-4c3e-ba2f-7c94434ad132_562867288.jpeg?h=225&w=225,Food Cupboard,Home Baking & Sugar
258149204,Betty Crocker Chocolate Chip Cookie Mix 200G,£2.00,£10.00/kg,£1.60 Clubcard Price,(£8.00/kg),True,Offer valid for delivery from 02/04/2025 until 22/04/2025,False,,52,False,https://www.tesco.com/groceries/en-GB/products/258149204,https://digitalcontent.api.tesco.com/v2/media/ghs/ca57cc9c-a32c-4393-b8be-63806fedff33/cf54eea6-f2dd-40fa-9cb7-6965ba713156_1687237730.jpeg?h=225&w=225,Food Cupboard,Home Baking & Sugar
257071135,Tesco Organic Self Raising Flour 1Kg,£1.70,£1.70/kg,,,False,,False,4.5,21,False,https://www.tesco.com/groceries/en-GB/products/257071135,https://digitalcontent.api.tesco.com/v2/media/ghs/fe9eb756-19c2-474b-a548-df4ae8c9ecf9/948af081-ee6f-4524-9f5d-39b9572cb678_1724165444.jpeg?h=225&w=225,Food Cupboard,Home Baking & Sugar
293015114,Dr. Oetker Rich Chocolate Pud in a Mug 70g,£0.85,£12.14/kg,65p Clubcard Price,(£9.29/kg),True,Offer valid for delivery from 03/04/2025 until 22/04/2025,False,4.4,10,False,https://www.tesco.com/groceries/en-GB/products/293015114,https://digitalcontent.api.tesco.com/v2/media/ghs/cdd83dba-4ebb-46ca-a397-98416aaa078c/94409b8b-c7a8-4cf9-a9e2-9a11b81739a2_636263153.jpeg?h=225&w=225,Food Cupboard,Home Baking & Sugar
290962886,Tesco Pancake Shaker Traditional Mix 155G,£1.15,£7.42/kg,,,False,,False,1.7,110,False,https://www.tesco.com/groceries/en-GB/products/290962886,https://digitalcontent.api.tesco.com/v2/media/ghs/180543c1-de3f-4a15-9fd3-385f5af5b981/c1b55409-e7a4-4af7-8d1c-31ac4ea69d9c_346367258.jpeg?h=225&w=225,Food Cupboard,Home Baking & Sugar
285021389,Tesco Sourdough Bread Mix 500G,£1.00,£2.00/kg,,,False,,False,4.1,46,False,https://www.tesco.com/groceries/en-GB/products/285021389,https://digitalcontent.api.tesco.com/v2/media/ghs/dd5e65cb-c48f-465b-8577-777852c1a2a8/351363c7-c8d0-42f0-8d5d-6834b6e989cb_2072886379.jpeg?h=225&w=225,Food Cupboard,Home Baking & Sugar
285024271,Tesco Multiseed Bread Mix 500G,£1.00,£2.00/kg,,,False,,False,3.7,30,False,https://www.tesco.com/groceries/en-GB/products/285024271,https://digitalcontent.api.tesco.com/v2/media/ghs/44847d6e-a714-4602-8039-df17c48a3296/7a6dcae2-9f15-40eb-8ee3-33a7b0df6451_1940499823.jpeg?h=225&w=225,Food Cupboard,Home Baking & Sugar
278533335,Dr. Oetker Moroccan Almond Extract 35Ml,£1.45,£0.41/10ml,£1.15 Clubcard Price,(£0.33/10ml),True,Offer valid for delivery from 03/04/2025 until 22/04/2025,False,4.7,3,False,https://www.tesco.com/groceries/en-GB/products/278533335,https://digitalcontent.api.tesco.com/v2/media/ghs/42f5d546-20ea-49b7-820d-9d5280484701/a3c40daf-f902-4f43-b69a-1dd0aa7f0407_918770574.jpeg?h=225&w=225,Food Cupboard,Home Baking & Sugar
282995951,Dr.Oetker Cream Of Tartar Sachets 30G,£1.30,£4.33/100g,£1.00 Clubcard Price,(£3.33/100g),True,Offer valid for delivery from 03/04/2025 until 22/04/2025,False,1.2,6,False,https://www.tesco.com/groceries/en-GB/products/282995951,https://digitalcontent.api.tesco.com/v2/media/ghs/b8e83595-de2f-4836-bf0b-74c016e3174d/f6291c80-0ac7-4565-99af-34dc28b1c2dc_1185216999.jpeg?h=225&w=225,Food Cupboard,Home Baking & Sugar
254385581,Trade Aid Uk Granulated Sugar 500G,£1.00,£2.00/kg,,,False,,False,,1,False,https://www.tesco.com/groceries/en-GB/products/254385581,https://digitalcontent.api.tesco.com/v2/media/ghs/3f646a39-e380-46c3-8f2e-7e20549ef626/b3d2a0ee-e0aa-44f7-b822-941462068e6e_283410229.jpeg?h=225&w=225,Food Cupboard,Home Baking & Sugar
254916553,Tesco Shortcrust Pastry Mix 450G,£0.95,£2.11/kg,,,False,,False,4.3,33,False,https://www.tesco.com/groceries/en-GB/products/254916553,https://digitalcontent.api.tesco.com/v2/media/ghs/2f106a30-3d6d-4568-a9b0-97b1082b9cd9/6653d7d6-b303-4bef-9aa7-9bfaa6499092_1739686424.jpeg?h=225&w=225,Food Cupboard,Home Baking & Sugar
312213058,Tesco White Chocolate Stars Sprinkles 41G,£1.25,£3.05/100g,,,False,,False,,,False,https://www.tesco.com/groceries/en-GB/products/312213058,https://digitalcontent.api.tesco.com/v2/media/ghs/97c4aa3a-b23c-449b-afdd-3fc5f4d529d5/b300f235-9e45-4eaf-a8b1-d94e2ce803b1_1995245330.jpeg?h=225&w=225,Food Cupboard,Home Baking & Sugar
280932920,Dr.Oetker Gelatine Sachet 3X12g,£1.30,£3.61/100g,£1.00 Clubcard Price,(£2.78/100g),True,Offer valid for delivery from 03/04/2025 until 22/04/2025,False,,,False,https://www.tesco.com/groceries/en-GB/products/280932920,https://digitalcontent.api.tesco.com/v2/media/ghs/d678f97a-078c-4af2-9a79-e1bd4749ff6e/0100b716-957d-487d-8e7b-5d6f9294754d_60920008.jpeg?h=225&w=225,Food Cupboard,Home Baking & Sugar
285131380,Tesco Sprinkles Silver Pearls 55G,£1.25,£2.27/100g,,,False,,False,,4,False,https://www.tesco.com/groceries/en-GB/products/285131380,https://digitalcontent.api.tesco.com/v2/media/ghs/5971cc89-3413-41f8-a5fb-f96206dbe436/b705ac5e-977d-4655-921e-570b88b61c51_693698205.jpeg?h=225&w=225,Food Cupboard,Home Baking & Sugar
288716611,Tesco Sweetened Condensed Milk 397G,£0.89,£2.24/kg,,,False,,False,4.9,89,False,https://www.tesco.com/groceries/en-GB/products/288716611,https://digitalcontent.api.tesco.com/v2/media/ghs/beb6d39f-93b9-4deb-a391-af714d7a9321/78f62377-b349-489b-ab45-d79fbd702dc9_310187326.jpeg?h=225&w=225,Food Cupboard,Home Baking & Sugar
257623232,Allinson's Dried Active Yeast 125g,£1.55,£12.40/kg,£1.20 Clubcard Price,(£9.60/kg),True,Offer valid for delivery from 02/04/2025 until 22/04/2025,False,,12,False,https://www.tesco.com/groceries/en-GB/products/257623232,https://digitalcontent.api.tesco.com/v2/media/ghs/0c5597ad-b769-405d-baf5-61851b3bb945/2201fb1f-4cb3-463a-b4b6-4a24c7359ebf_1568355204.jpeg?h=225&w=225,Food Cupboard,Home Baking & Sugar
260614861,Splenda Sweetener 500Pk,£5.90,£786.67/kg,£4.00 Clubcard Price,(£571.43/kg),True,Offer valid for delivery from 16/04/2025 until 13/05/2025,False,,7,False,https://www.tesco.com/groceries/en-GB/products/260614861,https://digitalcontent.api.tesco.com/v2/media/ghs/a238040f-feff-4e1e-9881-219b5d799254/a74684df-41a3-48b3-8326-a121ba567f8c_1650742245.jpeg?h=225&w=225,Food Cupboard,Home Baking & Sugar
312992957,Canderel Sugarly Zero Calorie Sweetener 370G,£4.30,£11.62/kg,,,False,,False,4.7,50,False,https://www.tesco.com/groceries/en-GB/products/312992957,https://digitalcontent.api.tesco.com/v2/media/ghs/11fd8ca6-485f-452a-aa9f-ae69ec7b4d38/78dfc881-cca1-4df1-90d8-1e1845c6a5e7_999290188.jpeg?h=225&w=225,Food Cupboard,Home Baking & Sugar
272063451,Truvia Sweetener From Stevia Leaf Extract 270G,£5.50,£20.37/kg,£3.70 Clubcard Price,(£13.70/kg),True,Offer valid for delivery from 16/04/2025 until 13/05/2025,False,4.3,52,False,https://www.tesco.com/groceries/en-GB/products/272063451,https://digitalcontent.api.tesco.com/v2/media/ghs/9121b4bc-9c94-42e8-bc57-d75c018a93a2/6df636ba-753f-4cca-8680-c66fa46c378a_1671120027.jpeg?h=225&w=225,Food Cupboard,Home Baking & Sugar
296457140,Dr Oetker Fine Dark Cocoa Powder Tub 190G,,,,,False,,False,,4,False,https://www.tesco.com/groceries/en-GB/products/296457140,https://digitalcontent.api.tesco.com/v2/media/ghs/c26ece84-0b25-409e-b2c3-37fcbb827215/e374ef27-015e-4531-9ca2-730ebf4066f2_1837840507.jpeg?h=225&w=225,Food Cupboard,Home Baking & Sugar
292535295,Elephant Atta Medium Chapatti Flour 10Kg,£11.00,£1.10/kg,,,False,,False,4.1,11,False,https://www.tesco.com/groceries/en-GB/products/292535295,https://digitalcontent.api.tesco.com/v2/media/ghs/0ecd2bf9-4ae7-4a1c-b172-8ba55cc9a86c/49f4ba2b-d198-4b1f-8f7d-f0027791e711_325822061.jpeg?h=225&w=225,Food Cupboard,Home Baking & Sugar
255774919,Green & Black Organic Cooking Chocolate 150G,£3.50,£2.33/100g,,,False,,False,,2,False,https://www.tesco.com/groceries/en-GB/products/255774919,https://digitalcontent.api.tesco.com/v2/media/ghs/830cbdbe-9e2f-4ba2-b251-979637e45a0f/719d5f07-4cb2-44b5-ad18-552b63b1ff49_1043233809.jpeg?h=225&w=225,Food Cupboard,Home Baking & Sugar
250028660,Canderel Refill Sachets 500Pk 42.5G,£5.30,£124.71/kg,,,False,,False,4.3,34,False,https://www.tesco.com/groceries/en-GB/products/250028660,https://digitalcontent.api.tesco.com/v2/media/ghs/44073301-8d95-413a-ad8a-58483d75caa1/a33da62c-a896-4e9b-95d9-ac1a5636356f_1332001958.jpeg?h=225&w=225,Food Cupboard,Home Baking & Sugar
290834360,Dr Oetker Ready To Roll Coloured Icing 500G,£3.75,£0.75/100g,£2.80 Save 25% Clubcard Price,(£0.56/100g),True,Offer valid for delivery from 03/04/2025 until 22/04/2025,False,,,False,https://www.tesco.com/groceries/en-GB/products/290834360,https://digitalcontent.api.tesco.com/v2/media/ghs/e9655531-62d2-4b56-b8f6-5ec1e1fbdb5b/014dddea-4cd9-4321-a524-8771a411cdc0_1655851627.jpeg?h=225&w=225,Food Cupboard,Home Baking & Sugar
253175998,Betty Crocker Chocolate Fudge Brownie Mix 415G,£3.00,£7.23/kg,,,False,,False,4.5,44,False,https://www.tesco.com/groceries/en-GB/products/253175998,https://digitalcontent.api.tesco.com/v2/media/ghs/e95e59a4-ec0e-4389-8de4-367b0a233d72/55b65656-e4d9-480e-a600-2041c42088ef_1342159085.jpeg?h=225&w=225,Food Cupboard,Home Baking & Sugar
275974825,Dr Oetker Giant Chocolate Stars 20G,£2.35,£11.75/100g,,,False,,False,,1,False,https://www.tesco.com/groceries/en-GB/products/275974825,https://digitalcontent.api.tesco.com/v2/media/ghs/59e2c0ff-a578-43c9-8132-de8b602af7e4/810624ad-9051-4599-ac2c-e0e479a4cb73_388505726.jpeg?h=225&w=225,Food Cupboard,Home Baking & Sugar
254915370,Tesco Seedless Raisins 1Kg,£3.60,£3.60/kg,,,False,,False,,29,False,https://www.tesco.com/groceries/en-GB/products/254915370,https://digitalcontent.api.tesco.com/v2/media/ghs/33223545-adfe-4e16-b5f1-10d8f9c7c98b/42fa91d4-ff5f-40d1-b57c-86904dce33de_90250177.jpeg?h=225&w=225,Food Cupboard,Home Baking & Sugar
259247651,Hermesetas Mini Sweeteners 400Pk,£2.00,£0.00/each,,,False,,False,,2,False,https://www.tesco.com/groceries/en-GB/products/259247651,https://digitalcontent.api.tesco.com/v2/media/ghs/dce63461-054a-442d-8e01-400b0f1637cb/615e6d4f-4e0b-4680-ba3d-5bc4a44e139b_1464474737.jpeg?h=225&w=225,Food Cupboard,Home Baking & Sugar
271189367,Dr Oetker Milk Chocolate Chunks 100G,£2.30,£2.30/100g,,,False,,False,,,False,https://www.tesco.com/groceries/en-GB/products/271189367,https://digitalcontent.api.tesco.com/v2/media/ghs/2e448b76-58d7-445f-b9a6-e39e3fd4b7b4/ebe167dc-1ec2-4ef0-ba50-8b9c4ed1dbff_93165513.jpeg?h=225&w=225,Food Cupboard,Home Baking & Sugar
297393528,Dr. Oetker Vanilla Extract 95Ml,,,£3.10 Clubcard Price,(£0.33/10ml),True,Offer valid for delivery from 03/04/2025 until 22/04/2025,False,1.7,12,False,https://www.tesco.com/groceries/en-GB/products/297393528,https://digitalcontent.api.tesco.com/v2/media/ghs/a457872b-44af-4022-afc5-3954b5ae1661/af1b2977-a067-4134-b186-d4b4444e24dd_609978969.jpeg?h=225&w=225,Food Cupboard,Home Baking & Sugar
282996072,Dr. Oetker Extra Dark Chocolate Chunks 100G,£2.30,£2.30/100g,,,False,,False,3.6,5,False,https://www.tesco.com/groceries/en-GB/products/282996072,https://digitalcontent.api.tesco.com/v2/media/ghs/0512997f-2e30-4d22-ad01-f1cf4d210377/72904c16-b387-44b3-9d2b-d8c48bd495c6_1398504260.jpeg?h=225&w=225,Food Cupboard,Home Baking & Sugar
308827616,Matthews Flour Stoneground Strong Wholegrain 1.5Kg,£2.40,£1.60/kg,£2.00 Clubcard Price,(£1.33/kg),True,Offer valid for delivery from 16/04/2025 until 13/05/2025,False,4.5,19,False,https://www.tesco.com/groceries/en-GB/products/308827616,https://digitalcontent.api.tesco.com/v2/media/ghs/b4c7f180-c099-47b1-802d-e3042bcf5b1e/826df528-028d-4770-9437-8717a24bd535_288767783.jpeg?h=225&w=225,Food Cupboard,Home Baking & Sugar
306934089,Matthews Cotswold Strong White Flour 1.5Kg,£2.40,£1.60/kg,£2.00 Clubcard Price,(£1.33/kg),True,Offer valid for delivery from 16/04/2025 until 13/05/2025,False,,14,False,https://www.tesco.com/groceries/en-GB/products/306934089,https://digitalcontent.api.tesco.com/v2/media/ghs/8d500cbf-e4da-437a-9647-995c2b856faa/038c361e-2ea4-4a3b-8cad-3f1da34190f3_1770583065.jpeg?h=225&w=225,Food Cupboard,Home Baking & Sugar
260713778,Allinson's Plain Wholemeal Baking Flour 1kg,£2.30,£2.30/kg,£1.80 Clubcard Price,(£1.80/kg),True,Offer valid for delivery from 02/04/2025 until 22/04/2025,False,,3,False,https://www.tesco.com/groceries/en-GB/products/260713778,https://digitalcontent.api.tesco.com/v2/media/ghs/bcd0f6e8-8ffb-462a-a324-e72705f67bbc/d0dd2ff0-6784-49f3-aeb4-42d903e28f04_1788158595.jpeg?h=225&w=225,Food Cupboard,Home Baking & Sugar
275975761,Dr. Oetker White Chocolate Chunks 100g,£2.30,£2.30/100g,,,False,,False,,,False,https://www.tesco.com/groceries/en-GB/products/275975761,https://digitalcontent.api.tesco.com/v2/media/ghs/b9bd440f-ffe3-4549-978e-b2d96c673455/0577e5c3-caaa-4d07-a74d-25e3fe65f487_1421432781.jpeg?h=225&w=225,Food Cupboard,Home Baking & Sugar
292277219,Dr. Oetker Vanilla Bean Paste,£4.10,£0.41/10g,£3.25 Clubcard Price,(£0.33/10g),True,Offer valid for delivery from 03/04/2025 until 22/04/2025,False,,2,False,https://www.tesco.com/groceries/en-GB/products/292277219,https://digitalcontent.api.tesco.com/v2/media/ghs/c06c743d-4a93-4a19-992a-9a012ff1ef7c/8d3068db-e6ba-427e-9001-8925b5acdb09_1388574910.jpeg?h=225&w=225,Food Cupboard,Home Baking & Sugar
289585014,Betty Crocker Velvety Vanilla Cake Mix 425G,£3.00,£7.06/kg,£2.40 Clubcard Price,(£5.65/kg),True,Offer valid for delivery from 02/04/2025 until 22/04/2025,False,4.6,53,False,https://www.tesco.com/groceries/en-GB/products/289585014,https://digitalcontent.api.tesco.com/v2/media/ghs/18032735-deef-40b7-9707-6da2a9e25bef/f1771cb4-65c3-446a-95fd-abf68321ee77_793075571.jpeg?h=225&w=225,Food Cupboard,Home Baking & Sugar
278587645,Tesco Ready To Roll Red Icing 250g,£2.00,£0.80/100g,,,False,,False,1.8,10,False,https://www.tesco.com/groceries/en-GB/products/278587645,https://digitalcontent.api.tesco.com/v2/media/ghs/d1593fe4-df93-461c-a79f-229c8a60196a/2c6a18f0-58bd-40e8-aaea-374922d8d276_547331325.jpeg?h=225&w=225,Food Cupboard,Home Baking & Sugar
311947700,Tesco Pizza Base Mix With Sourdough 145G,£0.95,£6.55/kg,,,False,,False,2.2,8,False,https://www.tesco.com/groceries/en-GB/products/311947700,https://digitalcontent.api.tesco.com/v2/media/ghs/9bfb3670-93ee-4bb9-ac6b-7248e378652d/c3635d8c-ce20-4529-bc53-eeb86292fc14_473953496.jpeg?h=225&w=225,Food Cupboard,Home Baking & Sugar
251183035,Doves Farm Organic Spelt Wholemeal Flour 1Kg,£2.80,£2.80/kg,£2.20 Clubcard Price,(£2.20/kg),True,Offer valid for delivery from 16/04/2025 until 13/05/2025,False,,6,False,https://www.tesco.com/groceries/en-GB/products/251183035,https://digitalcontent.api.tesco.com/v2/media/ghs/5a93fba2-49af-40f3-854c-b83ecbd2dd83/1c87255d-5d25-4691-900b-5dd08d9274b7_980375370.jpeg?h=225&w=225,Food Cupboard,Home Baking & Sugar
257123599,Doves Farm Gluten Free White Bread Flour 1Kg,£1.95,£1.95/kg,,,False,,False,,4,False,https://www.tesco.com/groceries/en-GB/products/257123599,https://digitalcontent.api.tesco.com/v2/media/ghs/8256054b-835c-4603-86e7-ce92687eeca9/20c2c2d5-9b52-4807-90c6-75116702a24f_1160938720.jpeg?h=225&w=225,Food Cupboard,Home Baking & Sugar
271090212,Tesco Poppy Seeds 100G,£1.20,£12.00/kg,,,False,,False,4.6,14,False,https://www.tesco.com/groceries/en-GB/products/271090212,https://digitalcontent.api.tesco.com/v2/media/ghs/e1aa41f8-e6c6-4078-b997-ed79d16c35f6/2e249f6c-e773-4c04-a8a0-96cb5c483936_1807426210.jpeg?h=225&w=225,Food Cupboard,Home Baking & Sugar
306951621,Tesco Rainbow Sprinkles 75G,£1.25,£1.67/100g,,,False,,False,,11,False,https://www.tesco.com/groceries/en-GB/products/306951621,https://digitalcontent.api.tesco.com/v2/media/ghs/97181406-ad88-4a1c-8e5e-fae1542eecfd/85cd29bf-161d-4283-bc83-6e8eec1f1b49_1578326269.jpeg?h=225&w=225,Food Cupboard,Home Baking & Sugar
303701599,Tesco Bamboo Skewers,£1.10,£1.10/each,,,False,,False,,1,False,https://www.tesco.com/groceries/en-GB/products/303701599,https://digitalcontent.api.tesco.com/v2/media/ghs/88fd5cfd-e655-47b5-820f-0332607b2951/9e5c2960-d7fa-48dc-a575-9740c1e660a3_1561727725.jpeg?h=225&w=225,Food Cupboard,Home Baking & Sugar
275617875,Tesco Triple Chocolate Curls 30G,£1.25,£4.17/100g,,,False,,False,4.9,7,False,https://www.tesco.com/groceries/en-GB/products/275617875,https://digitalcontent.api.tesco.com/v2/media/ghs/ee15f300-1c24-4cd7-bb4b-5ee0eaf0c061/136f20fb-60ae-48f9-92e3-935b78bfd575_434264314.jpeg?h=225&w=225,Food Cupboard,Home Baking & Sugar
271004702,Tesco Chocolate Sponge Cake Mix 400G,£1.40,£3.50/kg,,,False,,False,4.1,28,False,https://www.tesco.com/groceries/en-GB/products/271004702,https://digitalcontent.api.tesco.com/v2/media/ghs/6006be9c-2f7b-44ad-8301-4d58ba86b0d1/df40323b-2805-46df-90b2-fbb0dbb75ac3_163559400.jpeg?h=225&w=225,Food Cupboard,Home Baking & Sugar
293015166,Dr. Oetker Chocolate Chip Pud in a Mug 65g,£0.85,£13.08/kg,65p Clubcard Price,(£10.00/kg),True,Offer valid for delivery from 03/04/2025 until 22/04/2025,False,,,False,https://www.tesco.com/groceries/en-GB/products/293015166,https://digitalcontent.api.tesco.com/v2/media/ghs/009d3130-f96a-4c33-891d-435059a6eb62/92d553b7-f4c8-487e-a797-051137b6fade_1006413792.jpeg?h=225&w=225,Food Cupboard,Home Baking & Sugar
309765658,Tesco Vegan Pancake Shaker Mix 155G,,,,,False,,False,4.3,15,False,https://www.tesco.com/groceries/en-GB/products/309765658,https://digitalcontent.api.tesco.com/v2/media/ghs/078799fa-c1ef-4968-88c9-f394a5317d95/8e95dd0f-5d7c-45db-8a93-b5726ee05ed6_807866264.jpeg?h=225&w=225,Food Cupboard,Home Baking & Sugar
306948695,Tesco Golden Galaxy Sprinkles 80G,£1.25,£1.56/100g,,,False,,False,4.2,6,False,https://www.tesco.com/groceries/en-GB/products/306948695,https://digitalcontent.api.tesco.com/v2/media/ghs/2af4db10-84d8-4941-810d-50b1469cfbf2/398e3380-d66b-416b-a566-4519c708fa16_257619837.jpeg?h=225&w=225,Food Cupboard,Home Baking & Sugar
308664572,Tesco Plastic Mixing Bowl 4L,£1.00,£1.00/each,,,False,,False,,1,False,https://www.tesco.com/groceries/en-GB/products/308664572,https://digitalcontent.api.tesco.com/v2/media/ghs/37bc184d-de30-4ced-b83e-10eec6afe5f1/cd8933dd-09b1-4455-9a75-216854e60e5e_2093981953.jpeg?h=225&w=225,Food Cupboard,Home Baking & Sugar
273466917,Tesco Vanilla Sponge Mix 400G,£1.40,£3.50/kg,,,False,,False,,27,False,https://www.tesco.com/groceries/en-GB/products/273466917,https://digitalcontent.api.tesco.com/v2/media/ghs/30304b25-2d5f-4a32-969b-ff73cc6e63c7/35abcc63-ede1-41df-b95c-ed46f23114b5_563898651.jpeg?h=225&w=225,Food Cupboard,Home Baking & Sugar
292399582,Tesco Milk Chocolate Vermicelli 70G,£1.25,£1.79/100g,,,False,,False,4.9,15,False,https://www.tesco.com/groceries/en-GB/products/292399582,https://digitalcontent.api.tesco.com/v2/media/ghs/0cf74c4d-edd9-4398-af89-18b0b71f62d4/88c07f65-83f5-47ec-ad60-b5a3d23709c3_1069783381.jpeg?h=225&w=225,Food Cupboard,Home Baking & Sugar
309496901,Tesco American Pancake Shaker Mix With Chocolate Chips 155G,£1.15,£7.42/kg,,,False,,False,4.2,18,False,https://www.tesco.com/groceries/en-GB/products/309496901,https://digitalcontent.api.tesco.com/v2/media/ghs/adcd96b5-1536-4226-a29d-92972b569501/77d0d27b-d20d-47bd-bd09-443e5cb1067b_2049255876.jpeg?h=225&w=225,Food Cupboard,Home Baking & Sugar
254914123,Dr. Oetker Glycerine 38Ml,£1.05,£0.28/10ml,80p Clubcard Price,(£0.21/10ml),True,Offer valid for delivery from 03/04/2025 until 22/04/2025,False,,2,False,https://www.tesco.com/groceries/en-GB/products/254914123,https://digitalcontent.api.tesco.com/v2/media/ghs/dead569d-ae9d-4691-8f03-c9742691fb14/8662bfcb-a28c-4b23-ae98-dc524fc9728d_1251674949.jpeg?h=225&w=225,Food Cupboard,Home Baking & Sugar
256859070,Tesco Scone Mix 320G,£1.00,£3.12/kg,,,False,,False,,30,False,https://www.tesco.com/groceries/en-GB/products/256859070,https://digitalcontent.api.tesco.com/v2/media/ghs/3f05567b-fdf1-4fed-90a4-8d666d50009a/b9c16315-b102-47dd-b8fd-03bf9ffed0e1_2016771468.jpeg?h=225&w=225,Food Cupboard,Home Baking & Sugar
308664566,Tesco Plastic Mixing Bowl 2L,£0.75,£0.75/each,,,False,,False,,,False,https://www.tesco.com/groceries/en-GB/products/308664566,https://digitalcontent.api.tesco.com/v2/media/ghs/be594d2b-4765-4985-b1b2-1a585d3ada65/86a2c745-13f9-41ac-86ec-4c93b1278463_1042656045.jpeg?h=225&w=225,Food Cupboard,Home Baking & Sugar
302141676,"Create A Cake 12"" Round Cake Drum",£1.70,£1.70/each,£1.35 Clubcard Price,(£1.35/each),True,Offer valid for delivery from 11/04/2025 until 22/04/2025,False,,,False,https://www.tesco.com/groceries/en-GB/products/302141676,https://digitalcontent.api.tesco.com/v2/media/ghs/b04d47e5-dbcd-4a05-805c-da7f3e7790a9/d23339df-c36c-4c2b-b7c0-7aaefb481cad_112185429.jpeg?h=225&w=225,Food Cupboard,Home Baking & Sugar
272478254,Tesco Wholemeal Chapatti Flour 10Kg,£7.50,£0.75/kg,,,False,,False,3.4,16,False,https://www.tesco.com/groceries/en-GB/products/272478254,https://digitalcontent.api.tesco.com/v2/media/ghs/ef73a1c1-782c-4226-8981-2463e7732412/2db06a94-4fed-4667-a434-2ccfe52aacb8_90904028.jpeg?h=225&w=225,Food Cupboard,Home Baking & Sugar
298262291,Nielsen-Massey Vanilla Extract 60Ml,£7.00,£1.17/10ml,£5.60 Clubcard Price,(£0.93/10ml),True,Offer valid for delivery from 02/04/2025 until 22/04/2025,False,4.9,139,False,https://www.tesco.com/groceries/en-GB/products/298262291,https://digitalcontent.api.tesco.com/v2/media/ghs/b609fe6b-d949-4260-aed3-68816d2cd75b/bcd4e041-c3b3-4df2-b225-d27f7f9d3175_1742860654.jpeg?h=225&w=225,Food Cupboard,Home Baking & Sugar
292916265,The Groovy Food Company Organic Coconut Sugar 500g,£4.00,£8.00/kg,,,False,,False,,4,False,https://www.tesco.com/groceries/en-GB/products/292916265,https://digitalcontent.api.tesco.com/v2/media/ghs/269feba7-4957-4020-bffd-400495da7c2e/4ec1f7f7-c4a4-4c7b-b87c-f39755967b73_1631060774.jpeg?h=225&w=225,Food Cupboard,Home Baking & Sugar
309629475,Tesco 12 Cup Muffin Tray,£5.00,£5.00/each,Any 3 for 2 Clubcard Price - Cheapest Product Free - Selected Tesco Easter Bakes,,True,Offer valid for delivery from 31/03/2025 until 27/04/2025,False,,3,False,https://www.tesco.com/groceries/en-GB/products/309629475,https://digitalcontent.api.tesco.com/v2/media/ghs/2ac52341-9ac9-45e9-97e2-f1859f5d77af/cfd995d1-c494-4796-95ea-5c049622eea8_94542631.jpeg?h=225&w=225,Food Cupboard,Home Baking & Sugar
309465817,Matthews Flour Eight Grain Strong Multigrain 1.5Kg,,,£2.80 Clubcard Price,(£1.87/kg),True,Offer valid for delivery from 16/04/2025 until 13/05/2025,False,4.9,22,False,https://www.tesco.com/groceries/en-GB/products/309465817,https://digitalcontent.api.tesco.com/v2/media/ghs/9d724267-7cd3-47cf-89f1-cd7cfed59a41/bf60ebc7-2501-4218-99bd-079b03be78c8_731040743.jpeg?h=225&w=225,Food Cupboard,Home Baking & Sugar
309742484,The Groovy Food Company Organic Date Syrup 340G,£2.80,£8.24/kg,,,False,,False,,,False,https://www.tesco.com/groceries/en-GB/products/309742484,https://digitalcontent.api.tesco.com/v2/media/ghs/7455d73a-e595-401d-83c6-a28afca22fd3/a8354ad4-01e8-4da3-ba85-7b44e5bcc6e1_1172478215.jpeg?h=225&w=225,Food Cupboard,Home Baking & Sugar
309472935,Pure Via 100% Xylitol Plant Based 225G,£3.00,£13.33/kg,,,False,,False,,1,False,https://www.tesco.com/groceries/en-GB/products/309472935,https://digitalcontent.api.tesco.com/v2/media/ghs/0f0969bd-70de-4d79-aff3-fd25f5f7fe5e/0e84c22e-80a0-41b7-912f-1ee6bb2e3161_2069095230.jpeg?h=225&w=225,Food Cupboard,Home Baking & Sugar
288730449,Betty Crocker Rich Cream Cheese Style Icing 400G,£3.00,£0.75/100g,£2.40 Clubcard Price,(£0.60/100g),True,Offer valid for delivery from 02/04/2025 until 22/04/2025,False,3.7,51,False,https://www.tesco.com/groceries/en-GB/products/288730449,https://digitalcontent.api.tesco.com/v2/media/ghs/bb202294-4c6d-48c4-bd5b-8424fdf9589a/50ab6363-ea69-44dc-8cc4-ab198ebfd077_1941267680.jpeg?h=225&w=225,Food Cupboard,Home Baking & Sugar
297133774,Doves Farm Organic White Spelt Flour 1Kg,£2.80,£2.80/kg,£2.20 Clubcard Price,(£2.20/kg),True,Offer valid for delivery from 16/04/2025 until 13/05/2025,False,,,False,https://www.tesco.com/groceries/en-GB/products/297133774,https://digitalcontent.api.tesco.com/v2/media/ghs/17c40e80-a6b6-4ab6-a245-c8448461eaa3/84435719-aaa0-4025-bf8f-89a775399743_1716840522.jpeg?h=225&w=225,Food Cupboard,Home Baking & Sugar
302173839,The Groovy Food Co. Agave Nector Rich & Dark 250Ml,£2.85,£11.40/litre,,,False,,False,,5,False,https://www.tesco.com/groceries/en-GB/products/302173839,https://digitalcontent.api.tesco.com/v2/media/ghs/14753c43-5a45-4fad-a1c8-203cfef02868/72ec2dc1-1c1d-43c8-afef-d5822651cc9a_1372154442.jpeg?h=225&w=225,Food Cupboard,Home Baking & Sugar
309163839,Matthews Cotswold Crunch Strong Flour Mix 1.5kg,£2.70,£1.80/kg,£2.30 Clubcard Price,(£1.53/kg),True,Offer valid for delivery from 16/04/2025 until 13/05/2025,False,4.8,22,False,https://www.tesco.com/groceries/en-GB/products/309163839,https://digitalcontent.api.tesco.com/v2/media/ghs/99bfbc26-24f3-482f-8e47-6c3824967a68/8ca6733d-cf8a-408a-b897-5a647e052e12_863945879.jpeg?h=225&w=225,Food Cupboard,Home Baking & Sugar
260713853,Allinson's Baking Flour Self Raising Wholemeal 1kg,£2.30,£2.30/kg,£1.80 Clubcard Price,(£1.80/kg),True,Offer valid for delivery from 02/04/2025 until 22/04/2025,False,4.6,5,False,https://www.tesco.com/groceries/en-GB/products/260713853,https://digitalcontent.api.tesco.com/v2/media/ghs/cbe68ef4-cf79-4e02-847f-2d6b9d010dc2/d36557ee-bb2a-485d-8de7-d0b5834ce7fe_127034971.jpeg?h=225&w=225,Food Cupboard,Home Baking & Sugar
304373381,Cadbury Chocolate Icing 400G,£3.00,£0.75/100g,£2.40 Clubcard Price,(£0.60/100g),True,Offer valid for delivery from 02/04/2025 until 22/04/2025,False,4.4,49,False,https://www.tesco.com/groceries/en-GB/products/304373381,https://digitalcontent.api.tesco.com/v2/media/ghs/33bbd429-7f59-484f-a792-c41c2e764f7a/dbc82981-e04d-4141-a1ed-bd099b8ff6d3_1928318417.jpeg?h=225&w=225,Food Cupboard,Home Baking & Sugar
309458187,Tesco Organic Flaked Almonds 100G,£2.50,£25.00/kg,,,False,,False,,7,False,https://www.tesco.com/groceries/en-GB/products/309458187,https://digitalcontent.api.tesco.com/v2/media/ghs/d35a58f4-f31b-4bec-bccb-2004241ed764/42e96685-b81d-475a-b5a5-4634e485684c_134603046.jpeg?h=225&w=225,Food Cupboard,Home Baking & Sugar
289584856,Betty Crocker Cake Mix - Red Velvet 425g,£3.00,£7.06/kg,£2.40 Clubcard Price,(£5.65/kg),True,Offer valid for delivery from 02/04/2025 until 22/04/2025,False,4.5,83,False,https://www.tesco.com/groceries/en-GB/products/289584856,https://digitalcontent.api.tesco.com/v2/media/ghs/4beea8ed-3a40-4b45-b675-e1a59b7e0f27/b4171351-df5b-46ce-852f-8350439070d7_1465969576.jpeg?h=225&w=225,Food Cupboard,Home Baking & Sugar
289687648,Betty Crocker Cake Mix - Tempting Chocolate 425g,£3.00,£7.06/kg,£2.40 Clubcard Price,(£5.65/kg),True,Offer valid for delivery from 02/04/2025 until 22/04/2025,False,4.4,89,False,https://www.tesco.com/groceries/en-GB/products/289687648,https://digitalcontent.api.tesco.com/v2/media/ghs/12041ce7-d7f6-4d3c-9a87-f98605aa4870/1c6ac709-cb52-4f91-81d3-e210dd38fdb8_1378423969.jpeg?h=225&w=225,Food Cupboard,Home Baking & Sugar
296309914,Betty Crocker Triple Chocolate Brownie Mix 415G,£3.00,£7.23/kg,,,False,,False,,3,False,https://www.tesco.com/groceries/en-GB/products/296309914,https://digitalcontent.api.tesco.com/v2/media/ghs/70abf3ac-4222-40b8-82c0-cebf89147be2/49150fd0-31bf-4e15-8e5d-74246cd356a1_889279563.jpeg?h=225&w=225,Food Cupboard,Home Baking & Sugar
275712111,Whitworths Crystalised Ginger 175G,£2.35,£13.43/kg,Any 2 for £3.20 Clubcard Price - Selected Whitworths Classics Multibuy 130g-350g,,True,Offer valid for delivery from 01/01/2025 until 01/09/2025,False,4.2,9,False,https://www.tesco.com/groceries/en-GB/products/275712111,https://digitalcontent.api.tesco.com/v2/media/ghs/69907445-b635-4894-90aa-71f9f01a217b/b44de2b9-1dbb-40b2-887f-03034592e023_1259520294.jpeg?h=225&w=225,Food Cupboard,Home Baking & Sugar
297356965,Dr. Oetker Extra Strong Food Colour Gel - Blue 15g,£1.50,£1.00/10g,,,False,,False,,,False,https://www.tesco.com/groceries/en-GB/products/297356965,https://digitalcontent.api.tesco.com/v2/media/ghs/1255b291-ef55-4f45-bbac-d244c2a7edeb/75d01dca-c547-48ac-b670-400189463edb_1893396694.jpeg?h=225&w=225,Food Cupboard,Home Baking & Sugar
288660301,Dr Oetker Ready To Roll White Icing 1Kg,£3.60,£0.36/100g,£2.85 Clubcard Price,(£0.29/100g),True,Offer valid for delivery from 03/04/2025 until 22/04/2025,False,1.7,3,False,https://www.tesco.com/groceries/en-GB/products/288660301,https://digitalcontent.api.tesco.com/v2/media/ghs/5604eb32-54b9-4573-98d7-af064300e2e2/b5f8aac0-2168-4da1-a784-91d6aba2b41b_1405622260.jpeg?h=225&w=225,Food Cupboard,Home Baking & Sugar
272092824,Green Canderel Stevia 100 Pack,£1.65,£0.02/each,,,False,,False,,4,False,https://www.tesco.com/groceries/en-GB/products/272092824,https://digitalcontent.api.tesco.com/v2/media/ghs/519060b1-785d-479c-8071-70aa2ef53b21/6a0bd53b-e861-42d5-b5b4-26c09b9ea9f1_212218427.jpeg?h=225&w=225,Food Cupboard,Home Baking & Sugar
304379305,Wright's Baking Chocolate Fudge Cake Mix 500G,£2.40,£4.80/kg,,,False,,False,4.9,14,False,https://www.tesco.com/groceries/en-GB/products/304379305,https://digitalcontent.api.tesco.com/v2/media/ghs/b9081e42-3797-4f37-9af4-5de9ee454bbf/a63df7d1-de86-4844-a8e3-30918ad07cf5_944320932.jpeg?h=225&w=225,Food Cupboard,Home Baking & Sugar
289599482,Tesco Multi-Coloured Stars Sprinkles 50g,£1.25,£2.50/100g,,,False,,False,4.7,6,False,https://www.tesco.com/groceries/en-GB/products/289599482,https://digitalcontent.api.tesco.com/v2/media/ghs/a1fc5259-ac8b-4e4c-b98b-12748647f392/52a96ea6-94f7-43ab-9950-9a8c1996ed20_960708258.jpeg?h=225&w=225,Food Cupboard,Home Baking & Sugar
309781673,Create A Cake Rainbow Muffin Cases 100,£1.95,£0.02/each,£1.55 Clubcard Price,(£0.02/each),True,Offer valid for delivery from 11/04/2025 until 22/04/2025,False,3.1,7,False,https://www.tesco.com/groceries/en-GB/products/309781673,https://digitalcontent.api.tesco.com/v2/media/ghs/b59dfff6-c7e4-422f-8363-e35593b0a7d5/e42354e1-6199-4a45-b250-c504d13f5bcf_738256704.jpeg?h=225&w=225,Food Cupboard,Home Baking & Sugar
297133814,Tesco Chocolate Flavour Frosting 400G,,,,,False,,False,4.7,19,False,https://www.tesco.com/groceries/en-GB/products/297133814,https://digitalcontent.api.tesco.com/v2/media/ghs/4ac9be52-a6c5-4b2c-89ae-a6f7cf1cd48e/90ae47c3-e83f-4d5b-b72e-5736532f786a_1699654142.jpeg?h=225&w=225,Food Cupboard,Home Baking & Sugar
297173150,Cake Decor Eyes Edible Eyes 25G,,,,,False,,False,,2,False,https://www.tesco.com/groceries/en-GB/products/297173150,https://digitalcontent.api.tesco.com/v2/media/ghs/832a030f-30e1-48bd-933c-faaf42240208/da7b523c-debd-4300-bfd0-f552ddefd601_160838615.jpeg?h=225&w=225,Food Cupboard,Home Baking & Sugar
309493609,Dr Oetker 12 Milk Chocolate Gold Pearls 36G,£2.25,£6.25/100g,£1.60 Clubcard Price,(£4.44/100g),True,Offer valid for delivery from 03/04/2025 until 22/04/2025,False,,,False,https://www.tesco.com/groceries/en-GB/products/309493609,https://digitalcontent.api.tesco.com/v2/media/ghs/ed81a8b5-5aff-4e5c-9694-dffa869b3938/8e765d5e-db7e-456f-8a98-a54cf550eb0e_951241298.jpeg?h=225&w=225,Food Cupboard,Home Baking & Sugar
305048045,Create A Cake Classic Cupcake Cases 50S,£1.65,£0.03/each,£1.30 Clubcard Price,(£0.03/each),True,Offer valid for delivery from 11/04/2025 until 22/04/2025,False,2.3,3,False,https://www.tesco.com/groceries/en-GB/products/305048045,https://digitalcontent.api.tesco.com/v2/media/ghs/f174ebff-2f2d-4109-a631-0dccca378ffd/33833a39-2800-425a-b05b-a4f976bcc012_1995563285.jpeg?h=225&w=225,Food Cupboard,Home Baking & Sugar
271189056,Dr. Oetker Liquid Glucose 140G,£2.15,£1.54/100g,£1.70 Clubcard Price,(£1.21/100g),True,Offer valid for delivery from 03/04/2025 until 22/04/2025,False,,2,False,https://www.tesco.com/groceries/en-GB/products/271189056,https://digitalcontent.api.tesco.com/v2/media/ghs/523c8eab-9410-46bf-899c-1832101c9424/2a76e2db-310f-421a-be6f-0cd4b43a86f6_1308479178.jpeg?h=225&w=225,Food Cupboard,Home Baking & Sugar
309767155,"Create A Cake Classic Cake Board 10""",£1.65,£1.65/each,£1.30 Clubcard Price,(£1.30/each),True,Offer valid for delivery from 11/04/2025 until 22/04/2025,False,,1,False,https://www.tesco.com/groceries/en-GB/products/309767155,https://digitalcontent.api.tesco.com/v2/media/ghs/cc61a977-7a10-47e4-9ff5-79bc318cb37d/8b7af099-caa3-4656-8735-2e581a0076d0_2054973160.jpeg?h=225&w=225,Food Cupboard,Home Baking & Sugar
307143758,Dr. Oetker Decorating Icing - White 50g,£1.50,£3.00/100g,£1.20 Clubcard Price,(£2.40/100g),True,Offer valid for delivery from 03/04/2025 until 22/04/2025,False,1.5,2,False,https://www.tesco.com/groceries/en-GB/products/307143758,https://digitalcontent.api.tesco.com/v2/media/ghs/eb4f39eb-7cb3-4fa9-86a3-2892944eceb0/86641800-4281-4d7c-879e-ff7293b47986_1142807784.jpeg?h=225&w=225,Food Cupboard,Home Baking & Sugar
301441484,"Create A Cake 12"" Cake Box",£1.50,£0.12/each,£1.20 Clubcard Price,(£0.10/each),True,Offer valid for delivery from 11/04/2025 until 22/04/2025,False,,,False,https://www.tesco.com/groceries/en-GB/products/301441484,https://digitalcontent.api.tesco.com/v2/media/ghs/45ba19ea-09c3-4a92-8a0a-3a3cf51aea6e/28aaae4f-5264-4341-8603-7a504986ed55_1049554275.jpeg?h=225&w=225,Food Cupboard,Home Baking & Sugar
278533364,Dr.Oetker Sicilian Lemon Natural Extract 35Ml,£1.45,£0.41/10ml,£1.15 Clubcard Price,(£0.33/10ml),True,Offer valid for delivery from 03/04/2025 until 22/04/2025,False,,1,False,https://www.tesco.com/groceries/en-GB/products/278533364,https://digitalcontent.api.tesco.com/v2/media/ghs/74ad52aa-ff0a-4c74-94bf-4f10322a1f28/47cd3baf-e020-4cc2-895c-e4a6625a8bdc_818587548.jpeg?h=225&w=225,Food Cupboard,Home Baking & Sugar
307143453,Dr Oetker Decorating Icing Gold 50G,£1.50,£3.00/100g,£1.20 Clubcard Price,(£2.40/100g),True,Offer valid for delivery from 03/04/2025 until 22/04/2025,False,,5,False,https://www.tesco.com/groceries/en-GB/products/307143453,https://digitalcontent.api.tesco.com/v2/media/ghs/1d6d0585-8ceb-4471-aad3-35b9aad1fe9c/2064d608-7db5-46d5-88a1-ea95c8b4c8ea_1575960236.jpeg?h=225&w=225,Food Cupboard,Home Baking & Sugar
297173138,Tesco Milk Chocolate Beans 75G,£1.25,£1.67/100g,,,False,,False,2.7,7,False,https://www.tesco.com/groceries/en-GB/products/297173138,https://digitalcontent.api.tesco.com/v2/media/ghs/8c9c044e-2b5e-468c-b435-7ffc2192dd8d/cac6875f-5aa6-49aa-ade5-e16d65416e75_842616987.jpeg?h=225&w=225,Food Cupboard,Home Baking & Sugar
289510622,Tesco Chakki Atta Flour Stoneground 5Kg,£9.25,£1.85/kg,,,False,,False,4.5,22,False,https://www.tesco.com/groceries/en-GB/products/289510622,https://digitalcontent.api.tesco.com/v2/media/ghs/b67ded5b-a86a-4262-b005-5d7fcc120a92/70fde857-14dd-4842-8851-f16846822a65_1667901293.jpeg?h=225&w=225,Food Cupboard,Home Baking & Sugar
309498529,Tesco Organic Desiccated Coconut 200G,£3.00,£15.00/kg,,,False,,False,4.7,9,False,https://www.tesco.com/groceries/en-GB/products/309498529,https://digitalcontent.api.tesco.com/v2/media/ghs/9297c9c3-dab9-4d4f-b44e-2c7b73688e86/eda01334-15cc-4454-bd58-d62746eb9a28_605646745.jpeg?h=225&w=225,Food Cupboard,Home Baking & Sugar
304789782,Doves Farm Organic Buckwheat Flour 1kg,£3.80,£3.80/kg,£2.00 Clubcard Price,(£2.00/kg),True,Offer valid for delivery from 16/04/2025 until 13/05/2025,False,3.7,6,False,https://www.tesco.com/groceries/en-GB/products/304789782,https://digitalcontent.api.tesco.com/v2/media/ghs/a1818ff2-5ef6-4f10-bd97-181f2da2d2b4/6f6209ad-5a8c-4b3f-b3a2-e75d8a144ceb_1587595977.jpeg?h=225&w=225,Food Cupboard,Home Baking & Sugar
297599216,Whitworths Blocked Stoned Dates 350G,£2.35,£6.71/kg,Any 2 for £3.20 Clubcard Price - Selected Whitworths Classics Multibuy 130g-350g,,True,Offer valid for delivery from 01/01/2025 until 01/09/2025,False,4.6,7,False,https://www.tesco.com/groceries/en-GB/products/297599216,https://digitalcontent.api.tesco.com/v2/media/ghs/7652ae56-11ae-4393-a261-624dbf43d882/7a5e6827-de63-4cb3-982e-aaf59b7089a9_690092928.jpeg?h=225&w=225,Food Cupboard,Home Baking & Sugar
251183058,Doves Farm Organic Rye Flour 1Kg,£2.40,£2.40/kg,£1.90 Clubcard Price,(£1.90/kg),True,Offer valid for delivery from 16/04/2025 until 13/05/2025,False,,3,False,https://www.tesco.com/groceries/en-GB/products/251183058,https://digitalcontent.api.tesco.com/v2/media/ghs/3edcda85-09ac-4f44-bb6c-20535d103f6c/3191226a-e296-4758-981a-f204d5dc34bd_1667820686.jpeg?h=225&w=225,Food Cupboard,Home Baking & Sugar
309479006,Matthews Flour Premium White Strong Flour 1.5Kg,£2.70,£1.80/kg,£2.20 Clubcard Price,(£1.47/kg),True,Offer valid for delivery from 16/04/2025 until 13/05/2025,False,4.3,12,False,https://www.tesco.com/groceries/en-GB/products/309479006,https://digitalcontent.api.tesco.com/v2/media/ghs/e48fee9c-b4c3-4ad9-b048-ed2f438d885e/e1798ab0-fe01-4d1b-a657-8b19aa8bcc7f_1660214861.jpeg?h=225&w=225,Food Cupboard,Home Baking & Sugar
309464909,Dr Oetker Rainbow Magic Sprinkles 115G,£2.65,£2.30/100g,,,False,,False,,,False,https://www.tesco.com/groceries/en-GB/products/309464909,https://digitalcontent.api.tesco.com/v2/media/ghs/bb7d882b-c105-4b58-a455-c19717815b2c/ea800704-23c8-4e92-81ea-34819d7b5572_794108144.jpeg?h=225&w=225,Food Cupboard,Home Baking & Sugar
308869261,Dr. Oetker Chocolatey Caramel Crunch 115G,£2.65,£2.30/100g,,,False,,False,3.7,3,False,https://www.tesco.com/groceries/en-GB/products/308869261,https://digitalcontent.api.tesco.com/v2/media/ghs/5f059978-d94b-42fd-852a-280382d01ff6/5c668a27-1170-4127-a125-bd14fd5955bf_2119757708.jpeg?h=225&w=225,Food Cupboard,Home Baking & Sugar
256020457,Billingtons Molasses Sugar 500G,£2.20,£4.40/kg,,,False,,False,,3,False,https://www.tesco.com/groceries/en-GB/products/256020457,https://digitalcontent.api.tesco.com/v2/media/ghs/cf7fcf97-7e88-439c-894b-cd7319bb0a2a/3b021c66-648f-4e0a-ab2e-ea58edb76343_893587028.jpeg?h=225&w=225,Food Cupboard,Home Baking & Sugar
309787769,Dr Oetker Bright & Bold Sprinkles Mix 109G,£2.30,£2.11/100g,,,False,,False,,,False,https://www.tesco.com/groceries/en-GB/products/309787769,https://digitalcontent.api.tesco.com/v2/media/ghs/173e89c2-385e-4ead-ad02-c476070a64d8/b485f80d-1c2f-4ee2-84fc-734eda209cad_1899215281.jpeg?h=225&w=225,Food Cupboard,Home Baking & Sugar
309786898,Dr Oetker Chocolatey Sprinkle Mix 93G,£2.30,£2.47/100g,,,False,,False,,1,False,https://www.tesco.com/groceries/en-GB/products/309786898,https://digitalcontent.api.tesco.com/v2/media/ghs/0c76fec4-f0a9-4b83-b0a2-8ddea0daf9bf/3473709b-f7cd-494f-8320-3cef0b452e44_1099258449.jpeg?h=225&w=225,Food Cupboard,Home Baking & Sugar
288730271,Betty Crocker Velvety Vanilla Icing 400G,£3.00,£0.75/100g,£2.40 Clubcard Price,(£0.60/100g),True,Offer valid for delivery from 02/04/2025 until 22/04/2025,False,,4,False,https://www.tesco.com/groceries/en-GB/products/288730271,https://digitalcontent.api.tesco.com/v2/media/ghs/59c22ea9-6a6f-42bc-84b3-3dbfe1a728ce/c29a2f33-2aaa-4046-b0f2-82a94fdfe140_620219957.jpeg?h=225&w=225,Food Cupboard,Home Baking & Sugar
293062950,Tesco Royal Icing 400G,£3.00,£0.75/100g,,,False,,False,,5,False,https://www.tesco.com/groceries/en-GB/products/293062950,https://digitalcontent.api.tesco.com/v2/media/ghs/db3d2b14-2986-47bb-9e35-f48ab9c6b1c1/f0ab40ec-0a24-46c9-bca8-2c6ceb2c4756_1024655262.jpeg?h=225&w=225,Food Cupboard,Home Baking & Sugar
289687746,Betty Crocker Tempting Chocolate Icing 400G,£3.00,£0.75/100g,£2.40 Clubcard Price,(£0.60/100g),True,Offer valid for delivery from 02/04/2025 until 22/04/2025,False,,3,False,https://www.tesco.com/groceries/en-GB/products/289687746,https://digitalcontent.api.tesco.com/v2/media/ghs/2d5e108c-e7b3-44c9-b22a-49335459d672/9b18fc85-a4fe-4af8-abc1-6b470e15de58_1730482700.jpeg?h=225&w=225,Food Cupboard,Home Baking & Sugar
298358368,Cake Decor Cake Pens 16G,£3.15,£19.69/100g,£2.50 Clubcard Price,(£15.63/100g),True,Offer valid for delivery from 02/04/2025 until 22/04/2025,False,,3,False,https://www.tesco.com/groceries/en-GB/products/298358368,https://digitalcontent.api.tesco.com/v2/media/ghs/43ddc0df-f207-4b35-8d7b-a9a9e72c2011/ed81240c-91b7-4935-8733-9920d105e2bc_2138764293.jpeg?h=225&w=225,Food Cupboard,Home Baking & Sugar
309180226,Tesco Organic Pumpkin Seeds 100G,£1.90,£19.00/kg,,,False,,False,4.7,13,False,https://www.tesco.com/groceries/en-GB/products/309180226,https://digitalcontent.api.tesco.com/v2/media/ghs/fc5c2329-2a21-4fa1-a9ef-6c631c41a5c4/262a2dd7-f2a2-435d-a5bd-015b42827003_780024272.jpeg?h=225&w=225,Food Cupboard,Home Baking & Sugar
309629383,Tesco Loaf Tin 2Lb,£2.50,£2.50/each,Any 3 for 2 Clubcard Price - Cheapest Product Free - Selected Tesco Easter Bakes,,True,Offer valid for delivery from 31/03/2025 until 27/04/2025,False,3.1,13,False,https://www.tesco.com/groceries/en-GB/products/309629383,https://digitalcontent.api.tesco.com/v2/media/ghs/da6d8f7c-6240-40b7-ab85-6833d69fc9dd/9dd817cd-3579-4235-982f-84e1dabfe823_2137044076.jpeg?h=225&w=225,Food Cupboard,Home Baking & Sugar
302175859,Betty Crocker Rainbow Chip Party Cake Mix 425g,£3.00,£7.06/kg,£2.40 Clubcard Price,(£5.65/kg),True,Offer valid for delivery from 02/04/2025 until 22/04/2025,False,4.2,42,False,https://www.tesco.com/groceries/en-GB/products/302175859,https://digitalcontent.api.tesco.com/v2/media/ghs/551bc935-1e37-447e-84eb-29018f33beb0/3893b6ca-2754-4f20-b8bd-4d188edc8bf0_724103668.jpeg?h=225&w=225,Food Cupboard,Home Baking & Sugar
304413087,Wright's Baking Ginger Cake Mix 500G,£2.40,£4.80/kg,,,False,,False,4.7,26,False,https://www.tesco.com/groceries/en-GB/products/304413087,https://digitalcontent.api.tesco.com/v2/media/ghs/841c8237-be91-44a9-b4cc-aa5c395dba73/1a35ec53-8078-45a7-bb92-019b8b4d7152_690644082.jpeg?h=225&w=225,Food Cupboard,Home Baking & Sugar
289585262,Betty Crocker Cake Mix - Zesty Lemon 425g,£3.00,£7.06/kg,£2.40 Clubcard Price,(£5.65/kg),True,Offer valid for delivery from 02/04/2025 until 22/04/2025,False,3.5,6,False,https://www.tesco.com/groceries/en-GB/products/289585262,https://digitalcontent.api.tesco.com/v2/media/ghs/f9207efe-94e5-4800-8ff6-c9bad8b279b9/26cd9d08-d273-4c5a-bd85-4b507227dda9_1581597591.jpeg?h=225&w=225,Food Cupboard,Home Baking & Sugar
309473813,Tesco Chocolate Shimmer Pearls 45G,£2.50,£5.56/100g,,,False,,False,4.8,4,False,https://www.tesco.com/groceries/en-GB/products/309473813,https://digitalcontent.api.tesco.com/v2/media/ghs/211a7e68-52dc-49d0-81cb-6aa1b47902a3/6e89d19c-6ea5-4805-bcb5-7e0c5f8c7d56_1668896445.jpeg?h=225&w=225,Food Cupboard,Home Baking & Sugar
289575959,Tesco Chocolate Chunk Cookie Mix 285G,£2.10,£7.37/kg,,,False,,False,4.8,19,False,https://www.tesco.com/groceries/en-GB/products/289575959,https://digitalcontent.api.tesco.com/v2/media/ghs/5b0d2a7c-d31e-4819-b716-9acd4467793e/c1b7142b-9721-4421-8d7c-03aa39675fec_614020860.jpeg?h=225&w=225,Food Cupboard,Home Baking & Sugar
289585112,Betty Crocker Country Carrot Cake Mix 425G,£3.00,£7.06/kg,£2.40 Clubcard Price,(£5.65/kg),True,Offer valid for delivery from 02/04/2025 until 22/04/2025,False,4.5,76,False,https://www.tesco.com/groceries/en-GB/products/289585112,https://digitalcontent.api.tesco.com/v2/media/ghs/d8d8ebd1-e352-44e8-ad49-0c481838837e/1141c9e5-158f-4251-b008-435354c04f43_1639375505.jpeg?h=225&w=225,Food Cupboard,Home Baking & Sugar
295375536,Cake Decor Gold Glitter Spray 4G,£3.50,£87.50/100g,£2.80 Clubcard Price,(£70.00/100g),True,Offer valid for delivery from 02/04/2025 until 22/04/2025,False,,2,False,https://www.tesco.com/groceries/en-GB/products/295375536,https://digitalcontent.api.tesco.com/v2/media/ghs/67f56a44-733b-45bb-97ae-16a4d48cb4d3/431b09a1-49d7-4e14-bba9-944b634f687e_1678014803.jpeg?h=225&w=225,Food Cupboard,Home Baking & Sugar
304405569,Wright's Baking Toffee Cake Mix 500G,£2.40,£4.80/kg,,,False,,False,4.6,7,False,https://www.tesco.com/groceries/en-GB/products/304405569,https://digitalcontent.api.tesco.com/v2/media/ghs/9c1abe0c-0c8f-40a3-87e9-3215a51c1191/72e7c96d-0fb6-46e6-a2e9-8936e6c8d802_854870068.jpeg?h=225&w=225,Food Cupboard,Home Baking & Sugar
297357060,Dr. Oetker Extra Strong Food Colour Gel - Orange 15g,£1.50,£1.00/10g,,,False,,False,,1,False,https://www.tesco.com/groceries/en-GB/products/297357060,https://digitalcontent.api.tesco.com/v2/media/ghs/061ebede-0001-4b6f-a92f-630b849a1cf4/0841f004-1e55-48bf-9ba7-8ac313ba034b_160509597.jpeg?h=225&w=225,Food Cupboard,Home Baking & Sugar
297356942,Dr. Oetker Extra Strong Food Colour Gel - Yellow 15g,£1.50,£1.00/10g,,,False,,False,,,False,https://www.tesco.com/groceries/en-GB/products/297356942,https://digitalcontent.api.tesco.com/v2/media/ghs/88cf5a11-c0d4-497d-9249-6dca3c238db9/cbd36d01-7ba4-4f27-8607-8862e4c68fdb_2104801830.jpeg?h=225&w=225,Food Cupboard,Home Baking & Sugar
297357025,Dr. Oetker Black Extra Strong Food Colour Gel 15g,£1.50,£1.00/10g,,,False,,False,,2,False,https://www.tesco.com/groceries/en-GB/products/297357025,https://digitalcontent.api.tesco.com/v2/media/ghs/b528d9f1-a698-4dcd-9625-063868d57b92/afd424a8-5f3c-4351-b822-7979289a9041_258125872.jpeg?h=225&w=225,Food Cupboard,Home Baking & Sugar
297357048,Dr. Oetker Extra Strong Food Colour Gel - Pink 15g,£1.50,£1.00/10g,,,False,,False,,1,False,https://www.tesco.com/groceries/en-GB/products/297357048,https://digitalcontent.api.tesco.com/v2/media/ghs/503f1a7c-ef42-457e-bd01-68a71c528403/706cdba7-163b-4ce6-acd7-b0b9bd969eaf_2071936886.jpeg?h=225&w=225,Food Cupboard,Home Baking & Sugar
304395055,Wright's Baking Orange Cake Mix 500G,£2.40,£4.80/kg,,,False,,False,4.9,28,False,https://www.tesco.com/groceries/en-GB/products/304395055,https://digitalcontent.api.tesco.com/v2/media/ghs/69c788be-f159-49dd-8d8a-c2924239e97f/b1495ea1-5a26-4d89-9fae-f9dc19c21aa2_2122343658.jpeg?h=225&w=225,Food Cupboard,Home Baking & Sugar
295375559,Cake Decor Silver Glitter Spray 4G,£3.50,£87.50/100g,£2.80 Clubcard Price,(£70.00/100g),True,Offer valid for delivery from 02/04/2025 until 22/04/2025,False,,1,False,https://www.tesco.com/groceries/en-GB/products/295375559,https://digitalcontent.api.tesco.com/v2/media/ghs/3164ff81-8c48-4097-a38f-1c30ba5f8949/60f386e4-2378-426c-a874-4a9ea0ea7c82_1227885994.jpeg?h=225&w=225,Food Cupboard,Home Baking & Sugar
279221000,Tesco Vanilla Cupcake Mix 290G,£2.00,£6.90/kg,,,False,,False,4.3,10,False,https://www.tesco.com/groceries/en-GB/products/279221000,https://digitalcontent.api.tesco.com/v2/media/ghs/9c2b67e5-9ffc-4641-8994-69216f3c4f1d/de9e119d-3ae2-4e43-999b-da017726b900_1178466504.jpeg?h=225&w=225,Food Cupboard,Home Baking & Sugar
286783372,Whitworths Chopped Apricots 140G,£2.00,£14.29/kg,Any 2 for £3.20 Clubcard Price - Selected Whitworths Classics Multibuy 130g-350g,,True,Offer valid for delivery from 01/01/2025 until 01/09/2025,False,4.9,7,False,https://www.tesco.com/groceries/en-GB/products/286783372,https://digitalcontent.api.tesco.com/v2/media/ghs/75977080-ccfe-4970-863c-011709a47291/fd69b256-31e4-483b-81eb-00e3714ec19b_645884378.jpeg?h=225&w=225,Food Cupboard,Home Baking & Sugar
309755958,Create A Cake Petit Four Cake Cases 75,£1.65,£0.02/each,£1.30 Clubcard Price,(£0.02/each),True,Offer valid for delivery from 11/04/2025 until 22/04/2025,False,,1,False,https://www.tesco.com/groceries/en-GB/products/309755958,https://digitalcontent.api.tesco.com/v2/media/ghs/cc7cd9fb-4c8c-4261-add6-75c05aad96c8/95d7e45f-f5be-4d32-aec4-b2c1accf6c28_797170341.jpeg?h=225&w=225,Food Cupboard,Home Baking & Sugar
309209552,Create A Cake Loaf Tin Liners 20,,,£2.20 Clubcard Price,(£0.11/each),True,Offer valid for delivery from 11/04/2025 until 22/04/2025,False,,,False,https://www.tesco.com/groceries/en-GB/products/309209552,https://digitalcontent.api.tesco.com/v2/media/ghs/2a62aea0-7f27-437c-affd-2b36cc5ebd14/69f09ea4-f8b7-418a-88d3-8063c193407d_393782209.jpeg?h=225&w=225,Food Cupboard,Home Baking & Sugar
309785869,Create A Cake Pastel Muffin Cases 100,£1.95,£0.02/each,£1.55 Clubcard Price,(£0.02/each),True,Offer valid for delivery from 11/04/2025 until 22/04/2025,False,,,False,https://www.tesco.com/groceries/en-GB/products/309785869,https://digitalcontent.api.tesco.com/v2/media/ghs/f7a76718-6d03-4f66-8585-a56ded90d9f1/6d2707bc-d4c7-4319-bee9-548682f40dc2_1870688815.jpeg?h=225&w=225,Food Cupboard,Home Baking & Sugar
309175249,Tesco Cheese Scone Mix 300G,£1.80,£6.00/kg,,,False,,False,3.5,19,False,https://www.tesco.com/groceries/en-GB/products/309175249,https://digitalcontent.api.tesco.com/v2/media/ghs/1ac2906d-2d74-4865-9583-2cbe120123d2/b58d4536-e79f-4242-b9f9-b8a75447f3c5_76601921.jpeg?h=225&w=225,Food Cupboard,Home Baking & Sugar
293105906,Paw Patrol Cupcake Mix 183G,£2.25,£1.23/100g,£1.80 Clubcard Price,(£0.98/100g),True,Offer valid for delivery from 02/04/2025 until 22/04/2025,False,2.2,5,False,https://www.tesco.com/groceries/en-GB/products/293105906,https://digitalcontent.api.tesco.com/v2/media/ghs/01a2530b-8fe1-4786-8544-2231aab6ce26/760df493-13a6-4aa0-b0bb-63a39305c901_1714078840.jpeg?h=225&w=225,Food Cupboard,Home Baking & Sugar
306812821,Tesco Mini Jazzies 55G,£1.25,£2.27/100g,,,False,,False,4.7,3,False,https://www.tesco.com/groceries/en-GB/products/306812821,https://digitalcontent.api.tesco.com/v2/media/ghs/490162bf-645b-4656-8dab-3a65b8a6f0c2/551d840b-086c-4ea6-8120-e6b0480ff148_823511170.jpeg?h=225&w=225,Food Cupboard,Home Baking & Sugar
293061732,Tesco Ready To Roll Blue Icing 250g,£2.00,£0.80/100g,,,False,,False,,4,False,https://www.tesco.com/groceries/en-GB/products/293061732,https://digitalcontent.api.tesco.com/v2/media/ghs/eef15bdf-ee7c-43ec-9eb2-18fb873cae51/15a2b676-bf94-4ea0-ac58-e959e083b646_1616569372.jpeg?h=225&w=225,Food Cupboard,Home Baking & Sugar
304370977,Cake Decor Edible Glue 15G,£1.10,£7.33/100g,85p Clubcard Price,(£5.67/100g),True,Offer valid for delivery from 02/04/2025 until 22/04/2025,False,2.3,6,False,https://www.tesco.com/groceries/en-GB/products/304370977,https://digitalcontent.api.tesco.com/v2/media/ghs/53e96e29-ca64-45ed-944d-2647d05534d9/32dcd52a-6c44-46e5-8cbd-44df7d70b624_458964909.jpeg?h=225&w=225,Food Cupboard,Home Baking & Sugar
285419412,Dr.Oetker Caramel Flavour 35Ml,£1.45,£0.41/10ml,£1.15 Clubcard Price,(£0.33/10ml),True,Offer valid for delivery from 03/04/2025 until 22/04/2025,False,4.2,5,False,https://www.tesco.com/groceries/en-GB/products/285419412,https://digitalcontent.api.tesco.com/v2/media/ghs/962e41b8-40b4-4813-ba96-5db503595113/5a23b2bd-27b0-485a-b159-734325f1010c_341530963.jpeg?h=225&w=225,Food Cupboard,Home Baking & Sugar
254915335,Tesco Dried Mixed Fruit 1Kg,£3.25,£3.25/kg,,,False,,False,4.7,51,False,https://www.tesco.com/groceries/en-GB/products/254915335,https://digitalcontent.api.tesco.com/v2/media/ghs/7a01b0b9-8af7-4ecf-b6f8-daf8cfe107ce/11eb347f-e59c-4a3b-9294-fc72ca161cf5_1336627992.jpeg?h=225&w=225,Food Cupboard,Home Baking & Sugar
278837857,Dr.Oetker Egg White Powder Multipack Sachet 4X5g,£1.15,£5.75/100g,90p Clubcard Price,(£4.50/100g),True,Offer valid for delivery from 03/04/2025 until 22/04/2025,False,,,False,https://www.tesco.com/groceries/en-GB/products/278837857,https://digitalcontent.api.tesco.com/v2/media/ghs/3064cd16-6f6f-4abf-9990-04ce6f33e7ce/f5a5f52b-b8f6-496b-8a61-ccc13b0950c6_412655532.jpeg?h=225&w=225,Food Cupboard,Home Baking & Sugar
282996040,Dr.Oetker Vege-Gel Sachets 19.5G,£1.30,£6.67/100g,£1.00 Clubcard Price,(£5.13/100g),True,Offer valid for delivery from 03/04/2025 until 22/04/2025,False,,,False,https://www.tesco.com/groceries/en-GB/products/282996040,https://digitalcontent.api.tesco.com/v2/media/ghs/eedaee13-f35e-48c7-b7bd-e50a286a9cb7/ec59addf-31bd-4b4b-8eaa-20b604e1bf0a_1788807015.jpeg?h=225&w=225,Food Cupboard,Home Baking & Sugar
254915312,Tesco Currants 1Kg,£4.55,£4.55/kg,,,False,,False,4.6,38,False,https://www.tesco.com/groceries/en-GB/products/254915312,https://digitalcontent.api.tesco.com/v2/media/ghs/40e753e9-1875-461d-bc05-2594b6f83508/c6e93023-0de0-4b14-914d-39c0d5adb16f_358949018.jpeg?h=225&w=225,Food Cupboard,Home Baking & Sugar
255512384,Pyrex 1.0L Bowl,£4.50,£4.50/each,,,False,,False,4.6,22,False,https://www.tesco.com/groceries/en-GB/products/255512384,https://digitalcontent.api.tesco.com/v2/media/ghs/9d529d37-11d9-4846-b827-efe6bb4f14b7/c67e7b79-7eb8-4f04-8b7d-440d8d667a8f_329983618.jpeg?h=225&w=225,Food Cupboard,Home Baking & Sugar
309629439,Tesco Round Loose Base Cake Tin 20Cm,£4.50,£4.50/each,Any 3 for 2 Clubcard Price - Cheapest Product Free - Selected Tesco Easter Bakes,,True,Offer valid for delivery from 31/03/2025 until 27/04/2025,False,,,False,https://www.tesco.com/groceries/en-GB/products/309629439,https://digitalcontent.api.tesco.com/v2/media/ghs/c68337ef-1194-45ea-8dc7-376fdadf8534/09def8e8-42f5-4e8d-8024-84e27e75e8bb_1081759495.jpeg?h=225&w=225,Food Cupboard,Home Baking & Sugar
309629452,Tesco Rectangular Cake Mould 32Cm X 22Cm,£4.00,£4.00/each,Any 3 for 2 Clubcard Price - Cheapest Product Free - Selected Tesco Easter Bakes,,True,Offer valid for delivery from 31/03/2025 until 27/04/2025,False,2.9,7,False,https://www.tesco.com/groceries/en-GB/products/309629452,https://digitalcontent.api.tesco.com/v2/media/ghs/24fe94c8-13ed-4667-a4e1-b1ccdd0c6785/95c8ddb4-fc5c-421f-a251-7530283c8655_962277397.jpeg?h=225&w=225,Food Cupboard,Home Baking & Sugar
311270394,Dr Oetker Brookie Cookies Baking Mix 390G,£2.95,£7.56/kg,,,False,,False,,3,False,https://www.tesco.com/groceries/en-GB/products/311270394,https://digitalcontent.api.tesco.com/v2/media/ghs/ce81eabe-140e-4896-87a3-163277b849ea/2fe47789-bb42-4609-bc99-cc22a5df8021_1295005440.jpeg?h=225&w=225,Food Cupboard,Home Baking & Sugar
311262916,Pure Via Demerara Sugar Alternative 200g,£3.60,£18.00/kg,,,False,,False,4.6,51,False,https://www.tesco.com/groceries/en-GB/products/311262916,https://digitalcontent.api.tesco.com/v2/media/ghs/18e93914-123c-43a6-a14b-a87e756b32f4/4804b2bd-70bb-454b-bb74-8bf97ebd2c63_256911164.jpeg?h=225&w=225,Food Cupboard,Home Baking & Sugar
308456899,Pure Via Baker's Secret Soft Brown Sugar Alternative 300G,£5.00,£16.67/kg,,,False,,False,4.6,55,False,https://www.tesco.com/groceries/en-GB/products/308456899,https://digitalcontent.api.tesco.com/v2/media/ghs/20b18bac-3432-48f2-b51b-204b9d3ea255/1b869f8a-df4a-4cf5-9e84-57697a796af0_290430317.jpeg?h=225&w=225,Food Cupboard,Home Baking & Sugar
308831052,Purevia Caster Sugar Alternative 370G,£4.75,£12.84/kg,,,False,,False,4.3,57,False,https://www.tesco.com/groceries/en-GB/products/308831052,https://digitalcontent.api.tesco.com/v2/media/ghs/f58ae79c-304a-4372-9b72-85b7c8ef744d/ca2c79ba-68c2-4e3a-a3ea-a0381453bd1f_1976350194.jpeg?h=225&w=225,Food Cupboard,Home Baking & Sugar
309629399,Tesco Square Sandwich Tin 20Cm,£3.00,£3.00/each,Any 3 for 2 Clubcard Price - Cheapest Product Free - Selected Tesco Easter Bakes,,True,Offer valid for delivery from 31/03/2025 until 27/04/2025,False,2.4,5,False,https://www.tesco.com/groceries/en-GB/products/309629399,https://digitalcontent.api.tesco.com/v2/media/ghs/92f722ad-72cb-40a1-86ea-53a9c5657dbd/77dcf7f4-8ced-4a99-a5fd-416ed8b53dc3_1994665169.jpeg?h=225&w=225,Food Cupboard,Home Baking & Sugar
302143311,Dr Oetker Unicorn Confetti Sprinkles 110G,£2.65,£2.41/100g,,,False,,False,,3,False,https://www.tesco.com/groceries/en-GB/products/302143311,https://digitalcontent.api.tesco.com/v2/media/ghs/458c4633-10ca-4533-9532-7edcc8a404da/60553e57-ce3a-459c-93bb-da541779b613_1707514556.jpeg?h=225&w=225,Food Cupboard,Home Baking & Sugar
276084385,Dr. Oetker Chocolate Hearts 40G,£2.35,£5.88/100g,,,False,,False,,,False,https://www.tesco.com/groceries/en-GB/products/276084385,https://digitalcontent.api.tesco.com/v2/media/ghs/6638457f-50cd-4d7c-9840-5d12836e00d0/a5dc886a-3203-419f-ba12-19d70176b60e_845229030.jpeg?h=225&w=225,Food Cupboard,Home Baking & Sugar
309629400,Tesco Sandwich Tin 20Cm,£3.00,£3.00/each,Any 3 for 2 Clubcard Price - Cheapest Product Free - Selected Tesco Easter Bakes,,True,Offer valid for delivery from 31/03/2025 until 27/04/2025,False,,5,False,https://www.tesco.com/groceries/en-GB/products/309629400,https://digitalcontent.api.tesco.com/v2/media/ghs/074ac10d-39be-44ec-8c7b-ae34f6ed7b0c/8882cd31-40d6-4f73-9e78-ee1ebb116836_634703787.jpeg?h=225&w=225,Food Cupboard,Home Baking & Sugar
281184150,Nielsen Massey Almond Extract 60Ml,£4.00,£6.67/100ml,£3.20 Clubcard Price,(£5.33/100ml),True,Offer valid for delivery from 02/04/2025 until 22/04/2025,False,,2,False,https://www.tesco.com/groceries/en-GB/products/281184150,https://digitalcontent.api.tesco.com/v2/media/ghs/c8f88489-53ca-497d-bd57-0ba70a261a01/169b1957-3696-4405-9150-a7b639aa68f5_1884739304.jpeg?h=225&w=225,Food Cupboard,Home Baking & Sugar
307745870,Betty Crocker Rainbow Cookie 495G,£3.00,£6.06/kg,,,False,,False,4.7,37,False,https://www.tesco.com/groceries/en-GB/products/307745870,https://digitalcontent.api.tesco.com/v2/media/ghs/f44372a9-6db0-4ef5-a0ac-945bd8393e80/199f5bad-3c8b-4ca5-9374-daa46324ec5f_334204789.jpeg?h=225&w=225,Food Cupboard,Home Baking & Sugar
296875064,Tesco Cooling Rack 37 X 26Cm,£2.50,£2.50/each,Any 3 for 2 Clubcard Price - Cheapest Product Free - Selected Tesco Easter Bakes,,True,Offer valid for delivery from 31/03/2025 until 27/04/2025,False,2.3,3,False,https://www.tesco.com/groceries/en-GB/products/296875064,https://digitalcontent.api.tesco.com/v2/media/ghs/2316de96-f90e-4422-bf51-9b37ef21fde8/d425219f-baf3-4b99-811c-55755a57b7c2_417611486.jpeg?h=225&w=225,Food Cupboard,Home Baking & Sugar
304414345,Cadbury Chocolate Brownie Mix 350G,£3.00,£8.57/kg,£2.40 Clubcard Price,(£6.86/kg),True,Offer valid for delivery from 02/04/2025 until 22/04/2025,False,4.5,54,False,https://www.tesco.com/groceries/en-GB/products/304414345,https://digitalcontent.api.tesco.com/v2/media/ghs/d9e83208-3d82-4493-a742-bbe5088b63e1/225a2dde-0b75-4444-bcd7-3ee7ff706f0a_1623498113.jpeg?h=225&w=225,Food Cupboard,Home Baking & Sugar
304396935,Cadbury Chocolate Cookie Mix 265G,£3.00,£11.32/kg,£2.40 Clubcard Price,(£9.06/kg),True,Offer valid for delivery from 02/04/2025 until 22/04/2025,False,4.6,32,False,https://www.tesco.com/groceries/en-GB/products/304396935,https://digitalcontent.api.tesco.com/v2/media/ghs/5f7403be-48fe-43c4-ad60-741a615372df/57c7da86-a022-4fd7-9568-348d905d6046_1813364310.jpeg?h=225&w=225,Food Cupboard,Home Baking & Sugar
260509940,Betty Crocker Chocolate Chunk Muffin Mix 335G,£3.00,£8.96/kg,,,False,,False,,1,False,https://www.tesco.com/groceries/en-GB/products/260509940,https://digitalcontent.api.tesco.com/v2/media/ghs/e53e0dac-bb11-4c55-896c-137f1ce30007/a99c65fe-73eb-4843-9c09-27b1cecb6fa1_447489186.jpeg?h=225&w=225,Food Cupboard,Home Baking & Sugar
293103626,Tesco Lemon Drizzle Cake Kit 320G,£2.20,£6.88/kg,,,False,,False,4.3,32,False,https://www.tesco.com/groceries/en-GB/products/293103626,https://digitalcontent.api.tesco.com/v2/media/ghs/988b444f-2de5-45be-a6c2-0701be29c933/9be79cc8-c561-4979-8b0d-7d5c34f9c4a1_860989655.jpeg?h=225&w=225,Food Cupboard,Home Baking & Sugar
306937443,Tesco Finest Belgian Chocolate Ganache 400G,£3.40,£0.85/100g,,,False,,False,,9,False,https://www.tesco.com/groceries/en-GB/products/306937443,https://digitalcontent.api.tesco.com/v2/media/ghs/191de1fe-c464-445e-b72e-affd6df5cc35/7d305c82-719d-4833-be05-6fb3f820b0d7_757011874.jpeg?h=225&w=225,Food Cupboard,Home Baking & Sugar
278584850,Tesco Ready To Roll Yellow Icing 250g,£2.00,£0.80/100g,,,False,,False,4.5,2,False,https://www.tesco.com/groceries/en-GB/products/278584850,https://digitalcontent.api.tesco.com/v2/media/ghs/8700a5cd-e66d-4ea9-85d8-701794cbd857/463c43c6-b47a-433e-a4fd-9c2463bb0562_985818303.jpeg?h=225&w=225,Food Cupboard,Home Baking & Sugar
278585324,Tesco Ready to Roll Pink Icing 250g,£2.00,£0.80/100g,,,False,,False,4.8,4,False,https://www.tesco.com/groceries/en-GB/products/278585324,https://digitalcontent.api.tesco.com/v2/media/ghs/aa11f53d-0b5b-48cd-a338-6c630e6729bd/5c67f929-af77-4048-be73-d808035c1dad_1949557462.jpeg?h=225&w=225,Food Cupboard,Home Baking & Sugar
306955277,Tesco Finest Sicilian Lemon Frosting 400G,£2.30,£0.58/100g,,,False,,False,4.1,12,False,https://www.tesco.com/groceries/en-GB/products/306955277,https://digitalcontent.api.tesco.com/v2/media/ghs/13c9cb68-8bfe-4427-b8ac-dd3994591def/b7ee7f03-b7a8-4223-98aa-a7e37a92050b_1770159642.jpeg?h=225&w=225,Food Cupboard,Home Baking & Sugar
311796895,Dr. Oetker Chocolatey Carrots - White Chocolate Flavour 12 Pieces 13g,£2.15,£16.54/100g,£1.70 Clubcard Price,(£13.08/100g),True,Offer valid for delivery from 03/04/2025 until 22/04/2025,False,,1,False,https://www.tesco.com/groceries/en-GB/products/311796895,https://digitalcontent.api.tesco.com/v2/media/ghs/5afb4322-4a2d-40cf-b8bb-c7256f346261/805b1099-1bd2-4843-b0c8-398e85dbf658_854414159.jpeg?h=225&w=225,Food Cupboard,Home Baking & Sugar
311804294,Tesco Finest Very Strong Bread Flour 1kg,£1.60,£1.60/kg,,,False,,False,,1,False,https://www.tesco.com/groceries/en-GB/products/311804294,https://digitalcontent.api.tesco.com/v2/media/ghs/8e5f5755-78c5-4a70-a002-5d635bf6681c/03ddc290-af6b-4c35-931b-3c4a949b43dd_3472354.jpeg?h=225&w=225,Food Cupboard,Home Baking & Sugar
309471124,Tesco Finest Madagascan Vanilla Frosting 400G,,,,,False,,False,3.3,6,False,https://www.tesco.com/groceries/en-GB/products/309471124,https://digitalcontent.api.tesco.com/v2/media/ghs/80b5acc9-2f72-456e-8d2c-35864c48a8c2/2b2813d7-c850-448f-8e50-4a3090d951c9_1192718806.jpeg?h=225&w=225,Food Cupboard,Home Baking & Sugar
288615258,Tesco Gold And Silver Candles 12 Pack Assortment,£1.50,£0.12/each,,,False,,False,,,False,https://www.tesco.com/groceries/en-GB/products/288615258,https://digitalcontent.api.tesco.com/v2/media/ghs/43e13f18-460b-4950-8b80-9cdbd8b51ae3/735bed6f-4eb8-4eba-8b83-42457e1242af_1486155510.jpeg?h=225&w=225,Food Cupboard,Home Baking & Sugar
297357002,Dr. Oetker Extra Strong Food Colour Gel - Violet 15g,£1.50,£1.00/10g,,,False,,False,,2,False,https://www.tesco.com/groceries/en-GB/products/297357002,https://digitalcontent.api.tesco.com/v2/media/ghs/0af5c5c5-44e6-4445-8835-e5dd4240d48b/819bc536-454f-4f70-b8b9-b09ebd85d1e9_1587182449.jpeg?h=225&w=225,Food Cupboard,Home Baking & Sugar
304380182,Cake Angel Disney Frozen 2 Chocolate Cupcakes Kit 176G,£2.25,£12.78/kg,£1.80 Clubcard Price,(£10.23/kg),True,Offer valid for delivery from 02/04/2025 until 22/04/2025,False,,,False,https://www.tesco.com/groceries/en-GB/products/304380182,https://digitalcontent.api.tesco.com/v2/media/ghs/ff651024-86f2-4322-8c89-bc4f5ece3ab8/eb8865b3-ad58-4c10-a6d9-8397bdefe448_1523413757.jpeg?h=225&w=225,Food Cupboard,Home Baking & Sugar
308111081,Cake Angels Hey Duggee Chocolate Cup Cake Kit 176G,£2.25,£12.78/kg,£1.80 Clubcard Price,(£10.23/kg),True,Offer valid for delivery from 02/04/2025 until 22/04/2025,False,,,False,https://www.tesco.com/groceries/en-GB/products/308111081,https://digitalcontent.api.tesco.com/v2/media/ghs/c0762a21-a2d3-4960-a419-c941d55c367d/42f5bae1-09be-4461-813f-39866750b407_816308348.jpeg?h=225&w=225,Food Cupboard,Home Baking & Sugar
309629481,Tesco 6 Cup Muffin Tray,£3.00,£3.00/each,Any 3 for 2 Clubcard Price - Cheapest Product Free - Selected Tesco Easter Bakes,,True,Offer valid for delivery from 31/03/2025 until 27/04/2025,False,,,False,https://www.tesco.com/groceries/en-GB/products/309629481,https://digitalcontent.api.tesco.com/v2/media/ghs/3be0c289-bd79-4558-a991-a53385314a07/6d7173d8-6971-401f-a6f9-5ed7dcf1de90_700137490.jpeg?h=225&w=225,Food Cupboard,Home Baking & Sugar
306953354,Tesco Finest Chocolate & Brazilian Orange Frosting 400G,£2.30,£0.58/100g,,,False,,False,3.1,8,False,https://www.tesco.com/groceries/en-GB/products/306953354,https://digitalcontent.api.tesco.com/v2/media/ghs/92bd07da-029e-4837-a6f7-b94dc8b7a08c/33b0cfcb-42fa-49ec-abbe-1c6cad8bedc3_1810891555.jpeg?h=225&w=225,Food Cupboard,Home Baking & Sugar
284952392,Tesco Flower Modelling Paste 250G,£2.75,£1.10/100g,,,False,,False,,1,False,https://www.tesco.com/groceries/en-GB/products/284952392,https://digitalcontent.api.tesco.com/v2/media/ghs/a867f592-8ea7-4089-bbef-9bb0c675e6bd/24c5c63d-38dd-4bf1-ba4e-e55c30d58cd7_963164769.jpeg?h=225&w=225,Food Cupboard,Home Baking & Sugar
312102754,Peppa Pig Muddy Puddle Cupcake Mix 175G,£2.25,£12.86/kg,£1.80 Clubcard Price,(£10.29/kg),True,Offer valid for delivery from 02/04/2025 until 22/04/2025,False,4.4,5,False,https://www.tesco.com/groceries/en-GB/products/312102754,https://digitalcontent.api.tesco.com/v2/media/ghs/cd8c0aa5-7261-41a8-be7e-4c8912082276/1003fa20-d90b-4ad5-95b1-8b5da4d3be59_1646106571.jpeg?h=225&w=225,Food Cupboard,Home Baking & Sugar
272477762,Tesco Medium Chapatti Flour 5Kg,£4.75,£0.95/kg,£3.25 Clubcard Price,(£0.65/kg),True,Offer valid for delivery from 31/03/2025 until 13/05/2025,False,4.4,19,False,https://www.tesco.com/groceries/en-GB/products/272477762,https://digitalcontent.api.tesco.com/v2/media/ghs/ed96a052-193e-479d-b28b-fd86f8cb7258/8acf1ca2-b67b-4e89-bcbb-5c0a48edf6de_560842758.jpeg?h=225&w=225,Food Cupboard,Home Baking & Sugar
309783544,Create A Cake Spotty Cupcake Cases 50,£1.65,£0.03/each,£1.30 Clubcard Price,(£0.03/each),True,Offer valid for delivery from 11/04/2025 until 22/04/2025,False,,,False,https://www.tesco.com/groceries/en-GB/products/309783544,https://digitalcontent.api.tesco.com/v2/media/ghs/30eb77e0-c314-45af-8b0c-241c2f8952bd/10c4a3c0-5e76-428e-b4d6-44507e51997e_1875053611.jpeg?h=225&w=225,Food Cupboard,Home Baking & Sugar
271004685,Tesco Chocolate Cupcake Kit 315G,£2.00,£6.35/kg,,,False,,False,4.3,9,False,https://www.tesco.com/groceries/en-GB/products/271004685,https://digitalcontent.api.tesco.com/v2/media/ghs/1adc092e-6edd-4ebf-92dc-7dc2b64d05f8/c1e434c6-79f1-4860-aa38-2db162ca30f6_683023056.jpeg?h=225&w=225,Food Cupboard,Home Baking & Sugar
309474305,Create A Cake Metallic Cupcake Cases 45,£1.95,£0.04/each,£1.55 Clubcard Price,(£0.03/each),True,Offer valid for delivery from 11/04/2025 until 22/04/2025,False,,,False,https://www.tesco.com/groceries/en-GB/products/309474305,https://digitalcontent.api.tesco.com/v2/media/ghs/6f2ae516-e9ed-4cae-9106-c752b4afeee5/f818d205-d334-429f-b3bf-21f0d06f3bd9_2104998861.jpeg?h=225&w=225,Food Cupboard,Home Baking & Sugar
304402388,Dr. Oetker Number 1 Candle,£1.35,£1.35/each,£1.05 Clubcard Price,(£1.05/each),True,Offer valid for delivery from 03/04/2025 until 22/04/2025,False,,,False,https://www.tesco.com/groceries/en-GB/products/304402388,https://digitalcontent.api.tesco.com/v2/media/ghs/b578d295-952b-448c-8d3f-2cab5dca4558/5a17c769-bab1-4ef6-9d70-2bed8d18c187_822271877.jpeg?h=225&w=225,Food Cupboard,Home Baking & Sugar
271025366,Tesco Chocolate Fudge Cake Kit 502G,£2.20,£4.38/kg,,,False,,False,2.7,18,False,https://www.tesco.com/groceries/en-GB/products/271025366,https://digitalcontent.api.tesco.com/v2/media/ghs/0a5864b3-d1c9-4630-a86d-0f663eeb783e/a85ad804-efac-4e87-bc94-18284fccb6e3_909726374.jpeg?h=225&w=225,Food Cupboard,Home Baking & Sugar
309483415,Create A Cake Round Cake Tin Liners 25,£2.75,£0.11/each,£2.20 Clubcard Price,(£0.09/each),True,Offer valid for delivery from 11/04/2025 until 22/04/2025,False,,7,False,https://www.tesco.com/groceries/en-GB/products/309483415,https://digitalcontent.api.tesco.com/v2/media/ghs/d22d0592-bc6d-4de8-a9cc-6efc9a66ec3e/3447241e-5e55-4b35-87e4-046b86cbf810_1534855403.jpeg?h=225&w=225,Food Cupboard,Home Baking & Sugar
275954705,Dr Oetker Ground Arrowroot Sachets,£1.30,£2.71/100g,£1.00 Clubcard Price,(£2.08/100g),True,Offer valid for delivery from 03/04/2025 until 22/04/2025,False,,,False,https://www.tesco.com/groceries/en-GB/products/275954705,https://digitalcontent.api.tesco.com/v2/media/ghs/cbc8cf3e-4eb1-42a0-aba2-f76036046116/e6820de5-c630-494b-8504-5879f4d0d3e2_1296066311.jpeg?h=225&w=225,Food Cupboard,Home Baking & Sugar
264704921,Salter 1036 Self Service Platform Scale 5Kg,£17.00,£17.00/each,,,False,,False,4.4,195,False,https://www.tesco.com/groceries/en-GB/products/264704921,https://digitalcontent.api.tesco.com/v2/media/ghs/53d07de5-30ba-4e9e-91e8-bcfa30c4375e/18a9d22b-a0a1-437c-ac2d-9bc06703f0b8_1693078092.jpeg?h=225&w=225,Food Cupboard,Home Baking & Sugar
309451534,Pure Via 100% Xylitol Plant Based 900G,£10.00,£11.11/kg,,,False,,False,3.3,3,False,https://www.tesco.com/groceries/en-GB/products/309451534,https://digitalcontent.api.tesco.com/v2/media/ghs/a95eb78a-80a7-4eca-ab69-7b29d86a01c0/e8ecb2f4-e50d-4057-96ac-47c13c8e5307_1170121682.jpeg?h=225&w=225,Food Cupboard,Home Baking & Sugar
295751483,Go Cook Pyramid Grater,£5.50,£5.50/each,,,False,,False,2.8,6,False,https://www.tesco.com/groceries/en-GB/products/295751483,https://digitalcontent.api.tesco.com/v2/media/ghs/8b386b00-d9a9-4860-b44b-2dc02dc21213/c83b40ab-0a9d-4eeb-a090-f48a8b11ed53_489990228.jpeg?h=225&w=225,Food Cupboard,Home Baking & Sugar
252801726,Pyrex Glass Bowl 3L,£6.50,£6.50/each,£4.50 Clubcard Price,(£4.50/each),True,Offer valid for delivery from 17/04/2025 until 28/05/2025,False,4.9,19,False,https://www.tesco.com/groceries/en-GB/products/252801726,https://digitalcontent.api.tesco.com/v2/media/ghs/88987722-072f-496e-b5cf-88a1b4661971/9ee9f63f-53f9-417d-90c3-b178916ba25d_27868607.jpeg?h=225&w=225,Food Cupboard,Home Baking & Sugar
301049200,Go Cook Stainless Steel Whisk,£5.00,£5.00/each,,,False,,False,2.5,2,False,https://www.tesco.com/groceries/en-GB/products/301049200,https://digitalcontent.api.tesco.com/v2/media/ghs/1c4fe668-322c-4843-a024-556b78779b2d/d29e4253-bdc9-4930-8796-0c1ec18a5e2c_726835889.jpeg?h=225&w=225,Food Cupboard,Home Baking & Sugar
302671244,Salter Mechanical Kitchen Scale 3Kg,£7.00,£7.00/each,,,False,,False,3.8,4,False,https://www.tesco.com/groceries/en-GB/products/302671244,https://digitalcontent.api.tesco.com/v2/media/ghs/ff895fd6-544f-4cfa-9c37-2eaba27a6a74/cac234e2-462b-4316-9611-110d3f63d330_212213705.jpeg?h=225&w=225,Food Cupboard,Home Baking & Sugar
306141157,Tesco Colour Mixing Bowl Set 4Pcs,£6.50,£6.50/each,,,False,,False,,1,False,https://www.tesco.com/groceries/en-GB/products/306141157,https://digitalcontent.api.tesco.com/v2/media/ghs/d4e423f8-52b9-419c-a49b-28e6f2b32e0a/20290d0f-bfbf-4229-8d09-88369009992f_867783752.jpeg?h=225&w=225,Food Cupboard,Home Baking & Sugar
295751097,Go Cook Straight Peeler,£4.50,£4.50/each,,,False,,False,1.8,10,False,https://www.tesco.com/groceries/en-GB/products/295751097,https://digitalcontent.api.tesco.com/v2/media/ghs/0394a022-8f03-402f-ba76-924bfe442993/ae3b3a63-b175-4dee-bff5-c7a8b4d6b556_716747359.jpeg?h=225&w=225,Food Cupboard,Home Baking & Sugar
287530987,Elephant Atta Wholemeal Chapatti Flour 10kg,£11.00,£1.10/kg,£9.00 Clubcard Price,(£0.90/kg),True,Offer valid for delivery from 19/03/2025 until 21/04/2025,False,3.4,8,False,https://www.tesco.com/groceries/en-GB/products/287530987,https://digitalcontent.api.tesco.com/v2/media/ghs/439df597-4080-4a1c-9dce-e5ec7149e341/59c989ae-f0a5-4954-aaa8-d32fec9a9f99_2020678883.jpeg?h=225&w=225,Food Cupboard,Home Baking & Sugar
295753849,Go Cook Citrus Squeezer,£4.00,£4.00/each,,,False,,False,,5,False,https://www.tesco.com/groceries/en-GB/products/295753849,https://digitalcontent.api.tesco.com/v2/media/ghs/a286c43e-9732-4548-9e19-6528f0bcd67a/c719e57d-f8c6-4557-b7e9-0e3d667ad72a_1607616705.jpeg?h=225&w=225,Food Cupboard,Home Baking & Sugar
309629446,Tesco Round Fluted Cake Tin 23Cm,£4.50,£4.50/each,Any 3 for 2 Clubcard Price - Cheapest Product Free - Selected Tesco Easter Bakes,,True,Offer valid for delivery from 31/03/2025 until 27/04/2025,False,,1,False,https://www.tesco.com/groceries/en-GB/products/309629446,https://digitalcontent.api.tesco.com/v2/media/ghs/9d15f810-b860-43f0-956b-a90b104803bd/e0c8040f-4bc5-45d4-bb79-1e047d404438_1138716178.jpeg?h=225&w=225,Food Cupboard,Home Baking & Sugar
308664595,Tesco Stainless Steel Mixing Bowl,£4.00,£4.00/each,,,False,,False,,,False,https://www.tesco.com/groceries/en-GB/products/308664595,https://digitalcontent.api.tesco.com/v2/media/ghs/f9737939-d38c-472a-8c2b-5fca83651d4d/eb479a44-2eb4-4ff8-a1bb-69d961cbbd68_2114635324.jpeg?h=225&w=225,Food Cupboard,Home Baking & Sugar
254914198,Certo Apple Pectin 250Ml,£3.00,£12.00/litre,,,False,,False,3.4,14,False,https://www.tesco.com/groceries/en-GB/products/254914198,https://digitalcontent.api.tesco.com/v2/media/ghs/ca7f0ec8-2459-4629-8302-bdd299eb711c/a178c5c7-2fee-42dc-b429-46182bbd2395_1418100252.jpeg?h=225&w=225,Food Cupboard,Home Baking & Sugar
310254536,Tesco 5L Plastic Mixing Bowl,£4.00,£4.00/each,,,False,,False,,,False,https://www.tesco.com/groceries/en-GB/products/310254536,https://digitalcontent.api.tesco.com/v2/media/ghs/46fb41da-b704-4a13-8856-8408b8a442d3/af5e32a1-373e-44e3-ae78-d6960669f6de_658090565.jpeg?h=225&w=225,Food Cupboard,Home Baking & Sugar
295751598,Tesco Metal Nozzle Decorating Set,£2.75,£2.75/each,,,False,,False,,6,False,https://www.tesco.com/groceries/en-GB/products/295751598,https://digitalcontent.api.tesco.com/v2/media/ghs/09383405-8ce7-416c-a124-84a789d18c4b/727d80ec-c27b-4977-beb8-6aef16ca66b6_713887145.jpeg?h=225&w=225,Food Cupboard,Home Baking & Sugar
308499456,Joie Silicone Spatula Set,£5.50,£5.50/each,£4.40 Clubcard Price,(£4.40/each),True,Offer valid for delivery from 31/03/2025 until 20/04/2025,False,,4,False,https://www.tesco.com/groceries/en-GB/products/308499456,https://digitalcontent.api.tesco.com/v2/media/ghs/69a6b054-06ae-4e5b-aaaa-2494c38c1d70/1e2f85e3-75d4-4a35-83af-fc91f54f8c0a_906937276.jpeg?h=225&w=225,Food Cupboard,Home Baking & Sugar
308499462,Joie Reusable Piping Bag Set,£5.00,£5.00/each,£4.00 Clubcard Price,(£4.00/each),True,Offer valid for delivery from 31/03/2025 until 20/04/2025,False,,,False,https://www.tesco.com/groceries/en-GB/products/308499462,https://digitalcontent.api.tesco.com/v2/media/ghs/b333f499-856a-4106-bb63-39adda1bcefd/36ad6202-9519-4649-8166-e8f80a211f94_709361063.jpeg?h=225&w=225,Food Cupboard,Home Baking & Sugar
288659839,Dr Oetker Wafer Flowers 40'S,£2.35,£0.06/each,,,False,,False,4.5,2,False,https://www.tesco.com/groceries/en-GB/products/288659839,https://digitalcontent.api.tesco.com/v2/media/ghs/4eedacb7-2eee-447c-b7b6-b41741baacde/b4ccd01b-a02a-4423-a143-c94935b9f745_648053844.jpeg?h=225&w=225,Food Cupboard,Home Baking & Sugar
308869831,Pure Via Baker's Secret Icing Sugar Alternative 220G,£4.00,£18.18/kg,,,False,,False,4.4,54,False,https://www.tesco.com/groceries/en-GB/products/308869831,https://digitalcontent.api.tesco.com/v2/media/ghs/de52968c-0d96-4fb9-abcc-f331ee67bf93/c29b1db3-cdd6-409c-b168-d829d9eaf5ca_1733341465.jpeg?h=225&w=225,Food Cupboard,Home Baking & Sugar
309490913,Tesco Chocolate Drip Icing 120G,£2.85,£2.38/100g,,,False,,False,,2,False,https://www.tesco.com/groceries/en-GB/products/309490913,https://digitalcontent.api.tesco.com/v2/media/ghs/73456830-90b3-4ac1-82f8-ad9a88bea67c/892deb6b-99c2-434a-a06c-964e5b0f33b5_1559117752.jpeg?h=225&w=225,Food Cupboard,Home Baking & Sugar
311784609,Dr. Oetker Candy Mix Sprinkles 90G,£2.30,£2.56/100g,,,False,,False,,1,False,https://www.tesco.com/groceries/en-GB/products/311784609,https://digitalcontent.api.tesco.com/v2/media/ghs/c9063d2f-3a6c-4d06-ba51-b647676f2d11/8fa0f99f-cd39-46a9-a70d-d7f58ffd600b_128138236.jpeg?h=225&w=225,Food Cupboard,Home Baking & Sugar
274662793,Nielsen Massey Rose Water 60Ml,£4.00,£0.67/10ml,£3.20 Clubcard Price,(£0.53/10ml),True,Offer valid for delivery from 02/04/2025 until 22/04/2025,False,,,False,https://www.tesco.com/groceries/en-GB/products/274662793,https://digitalcontent.api.tesco.com/v2/media/ghs/409af839-6d6e-4632-869a-d99ff7ece0e9/87055bd9-5324-4215-8091-8a1a4e1c0c74_954646497.jpeg?h=225&w=225,Food Cupboard,Home Baking & Sugar
270887372,Dr.Oetker Wafer Daisies 10 X 2G 12 Daisies,£2.35,£11.75/100g,,,False,,False,,,False,https://www.tesco.com/groceries/en-GB/products/270887372,https://digitalcontent.api.tesco.com/v2/media/ghs/dd595b9b-fb37-4bca-95d0-9fe474aca5e3/79bbf829-daa3-4d5f-836a-ff30491115c5_816643167.jpeg?h=225&w=225,Food Cupboard,Home Baking & Sugar
274663135,Nielsen Massey Orange Blossom Water 60Ml,£4.00,£0.67/10ml,£3.20 Clubcard Price,(£0.53/10ml),True,Offer valid for delivery from 02/04/2025 until 22/04/2025,False,,2,False,https://www.tesco.com/groceries/en-GB/products/274663135,https://digitalcontent.api.tesco.com/v2/media/ghs/1efa9c20-6605-43a8-93a8-df52c8dba933/snapshotimagehandler_1788862056.jpeg?h=225&w=225,Food Cupboard,Home Baking & Sugar
304723814,Dr Oetker Letters&Number Colour 40G,£3.00,£7.50/100g,£2.25 Save 25% Clubcard Price,(£5.63/100g),True,Offer valid for delivery from 03/04/2025 until 22/04/2025,False,,,False,https://www.tesco.com/groceries/en-GB/products/304723814,https://digitalcontent.api.tesco.com/v2/media/ghs/1ed92c5c-54a1-4339-90a6-438e7df92452/01cb4a81-c7d2-4574-9998-99e2e35997ff_179186056.jpeg?h=225&w=225,Food Cupboard,Home Baking & Sugar
281197716,Nielsen Massey Lemon Extract 60Ml,£4.00,£6.67/100ml,£3.20 Clubcard Price,(£5.33/100ml),True,Offer valid for delivery from 02/04/2025 until 22/04/2025,False,,,False,https://www.tesco.com/groceries/en-GB/products/281197716,https://digitalcontent.api.tesco.com/v2/media/ghs/a8a5f4ae-4422-4fc8-9a08-88110e0f6982/d511b344-e64e-4e55-aa6e-b6f5e9b56866_291894441.jpeg?h=225&w=225,Food Cupboard,Home Baking & Sugar
275960323,Dr. Oetker Celebration Candles 6 Pack,£2.00,£0.33/each,£1.60 Clubcard Price,(£0.27/each),True,Offer valid for delivery from 03/04/2025 until 22/04/2025,False,,1,False,https://www.tesco.com/groceries/en-GB/products/275960323,https://digitalcontent.api.tesco.com/v2/media/ghs/8764843d-9e5f-4759-9cf0-5eb4a1dcaefa/4e62d5d4-786a-4ea5-abcf-9bc792575b47_1008860131.jpeg?h=225&w=225,Food Cupboard,Home Baking & Sugar
275974883,Dr Oetker Happy Birthday Candles,£2.25,£2.25/each,£1.80 Clubcard Price,(£1.80/each),True,Offer valid for delivery from 03/04/2025 until 22/04/2025,False,2.7,3,False,https://www.tesco.com/groceries/en-GB/products/275974883,https://digitalcontent.api.tesco.com/v2/media/ghs/99697c41-e815-452f-bbf9-ef034194c24a/a1f4225d-eba9-4f2c-80c8-cf87a2b8d47b_1358625363.jpeg?h=225&w=225,Food Cupboard,Home Baking & Sugar
309192235,Tesco Flapjack Mix 300G,£1.85,£6.17/kg,,,False,,False,4.3,9,False,https://www.tesco.com/groceries/en-GB/products/309192235,https://digitalcontent.api.tesco.com/v2/media/ghs/7fb9f89d-25d2-4d89-a6a0-a2e130b46285/9b2bfbc2-683b-4d63-871b-a6366eb4636e_946003025.jpeg?h=225&w=225,Food Cupboard,Home Baking & Sugar
295491450,Tesco Patterned Candles Pink 12 Pack,£1.50,£0.12/each,,,False,,False,,,False,https://www.tesco.com/groceries/en-GB/products/295491450,https://digitalcontent.api.tesco.com/v2/media/ghs/8c01554d-3b05-4b37-89a0-e45fe5f18032/7f14290a-7946-4f1c-ae90-2e9ee04327a0_405188200.jpeg?h=225&w=225,Food Cupboard,Home Baking & Sugar
302172725,Tesco Happy Birthday Candle Pink,£1.50,£1.50/each,,,False,,False,,1,False,https://www.tesco.com/groceries/en-GB/products/302172725,https://digitalcontent.api.tesco.com/v2/media/ghs/5cea94f5-6da8-4e7d-add0-549ee9b87658/50169d8c-8c99-4cd7-af77-1ece5a376251_1668991879.jpeg?h=225&w=225,Food Cupboard,Home Baking & Sugar
290724161,Tesco Patterned Candle Blue 12 Pack,£1.50,£0.12/each,,,False,,False,,,False,https://www.tesco.com/groceries/en-GB/products/290724161,https://digitalcontent.api.tesco.com/v2/media/ghs/8860ec84-5d83-496f-8a37-44b2c60d4425/3ec50900-38ac-4ea7-b78c-8ff98bb8f5eb_1772603269.jpeg?h=225&w=225,Food Cupboard,Home Baking & Sugar
311678471,Dr Oetker 12 White Chocolatey Dinosaurs 20G,£2.15,£10.75/100g,£1.70 Clubcard Price,(£8.50/100g),True,Offer valid for delivery from 03/04/2025 until 22/04/2025,False,,,False,https://www.tesco.com/groceries/en-GB/products/311678471,https://digitalcontent.api.tesco.com/v2/media/ghs/01879b3b-f294-435b-95b5-4d9d6223b073/728e2ace-c64c-48de-9f5b-e4443c6de1a5_1913188934.jpeg?h=225&w=225,Food Cupboard,Home Baking & Sugar
271188921,Dr. Oetker Party Candles 18,£1.50,£0.08/each,£1.20 Clubcard Price,(£0.07/each),True,Offer valid for delivery from 03/04/2025 until 22/04/2025,False,1.8,10,False,https://www.tesco.com/groceries/en-GB/products/271188921,https://digitalcontent.api.tesco.com/v2/media/ghs/00b11445-6496-42c5-8d6c-390938cad5cd/aaa3f91b-4a76-43df-9a33-e749702df639_1654804703.jpeg?h=225&w=225,Food Cupboard,Home Baking & Sugar
304404213,Dr. Oetker Number 2 Candle,£1.35,£1.35/each,£1.05 Clubcard Price,(£1.05/each),True,Offer valid for delivery from 03/04/2025 until 22/04/2025,False,,,False,https://www.tesco.com/groceries/en-GB/products/304404213,https://digitalcontent.api.tesco.com/v2/media/ghs/b6940d5e-3641-49f0-a51b-e009b8a20d2c/45090779-c107-4f02-8a11-bfa39fb488a3_378860782.jpeg?h=225&w=225,Food Cupboard,Home Baking & Sugar
304382404,Dr. Oetker Number 6 Candle,£1.35,£1.35/each,£1.05 Clubcard Price,(£1.05/each),True,Offer valid for delivery from 03/04/2025 until 22/04/2025,False,,,False,https://www.tesco.com/groceries/en-GB/products/304382404,https://digitalcontent.api.tesco.com/v2/media/ghs/62f0f78c-0a95-4078-aa17-64b381939266/a5369015-cf12-490b-9907-b8a029e0760b_808014651.jpeg?h=225&w=225,Food Cupboard,Home Baking & Sugar
311674193,Dr Oetker 11 White Chocolate Unicorns & Rainbows 18G,£2.15,£11.94/100g,£1.70 Clubcard Price,(£9.44/100g),True,Offer valid for delivery from 03/04/2025 until 22/04/2025,False,,,False,https://www.tesco.com/groceries/en-GB/products/311674193,https://digitalcontent.api.tesco.com/v2/media/ghs/f197005e-f6e9-4bfb-9fa5-88013c81cf85/f27e6e32-b357-4cc5-8bc5-d93bfa5289c3_1872990220.jpeg?h=225&w=225,Food Cupboard,Home Baking & Sugar
311255378,Dr Oetker 11 White Chocolate Flowers & Leaves 11G,£2.15,£19.54/100g,£1.70 Clubcard Price,(£15.45/100g),True,Offer valid for delivery from 03/04/2025 until 22/04/2025,False,,,False,https://www.tesco.com/groceries/en-GB/products/311255378,https://digitalcontent.api.tesco.com/v2/media/ghs/eb083f45-afc7-489a-ba75-3dc73743d1df/4be753fe-729c-4ba2-a4f0-b0f936e13d46_116027105.jpeg?h=225&w=225,Food Cupboard,Home Baking & Sugar
289585227,Betty Crocker Cake Mix - Chocolate Swirl 425g,£3.00,£7.06/kg,£2.40 Clubcard Price,(£5.65/kg),True,Offer valid for delivery from 02/04/2025 until 22/04/2025,False,,,False,https://www.tesco.com/groceries/en-GB/products/289585227,https://digitalcontent.api.tesco.com/v2/media/ghs/50f5cabf-ec25-40e7-97f8-a41fe773c4c3/576a9244-fb1a-43b2-b205-14116f89e38e_1585245227.jpeg?h=225&w=225,Food Cupboard,Home Baking & Sugar
311935173,Dr. Oetker 36 White Chocolatey Mini Flowers 13G,£2.15,£16.54/100g,£1.70 Clubcard Price,(£13.08/100g),True,Offer valid for delivery from 03/04/2025 until 22/04/2025,False,,,False,https://www.tesco.com/groceries/en-GB/products/311935173,https://digitalcontent.api.tesco.com/v2/media/ghs/608ba5a3-3b30-435e-b79d-50ee6eb189fc/7997ad34-03ac-494a-a497-ae66bc635530_1075282538.jpeg?h=225&w=225,Food Cupboard,Home Baking & Sugar
302143569,Dr. Oetker Tall Metallic Candles 18 Pack,£1.75,£0.10/each,£1.40 Clubcard Price,(£0.08/each),True,Offer valid for delivery from 03/04/2025 until 22/04/2025,False,,2,False,https://www.tesco.com/groceries/en-GB/products/302143569,https://digitalcontent.api.tesco.com/v2/media/ghs/1eefe0e3-4ad5-41cb-94b1-16a23b6fbd34/68e5885a-77a2-4b9f-90f7-5ef8693ea9ba_1225867461.jpeg?h=225&w=225,Food Cupboard,Home Baking & Sugar
310185577,Nielsen Massey Vanilla Bean Paste 60Ml,£5.75,£95.83/litre,£4.60 Clubcard Price,(£76.67/litre),True,Offer valid for delivery from 02/04/2025 until 22/04/2025,False,4.8,51,False,https://www.tesco.com/groceries/en-GB/products/310185577,https://digitalcontent.api.tesco.com/v2/media/ghs/6ac24fea-2d4f-4abb-8fbb-aa6834b7b7eb/1b2aa6ec-6a6c-4e57-98b9-0439b5cdb564_1542006619.jpeg?h=225&w=225,Food Cupboard,Home Baking & Sugar
309781811,Dr Oetker Solar System Baking Cupcake Kit 360G,£2.00,£5.56/kg,£1.60 Clubcard Price,(£4.44/kg),True,Offer valid for delivery from 03/04/2025 until 22/04/2025,False,,,False,https://www.tesco.com/groceries/en-GB/products/309781811,https://digitalcontent.api.tesco.com/v2/media/ghs/f8b1ed08-33bc-4ad0-94fb-06be847f72b1/f8d4fa0b-330a-4278-bebc-7bb366fba93c_1419829217.jpeg?h=225&w=225,Food Cupboard,Home Baking & Sugar
308153007,Joie Measuring Cups,£6.00,£6.00/each,£4.50 Save 25% Clubcard Price,(£4.50/each),True,Offer valid for delivery from 10/04/2025 until 07/05/2025,False,,,False,https://www.tesco.com/groceries/en-GB/products/308153007,https://digitalcontent.api.tesco.com/v2/media/ghs/9dffe079-a1a8-439b-9d39-12fb8a438fd7/f325632a-c6c2-43fb-9cd9-fff36c90956d_1407375655.jpeg?h=225&w=225,Food Cupboard,Home Baking & Sugar
311787756,Tesco Finest Organic Coconut Flour 300g,£3.00,£10.00/kg,,,False,,False,,,False,https://www.tesco.com/groceries/en-GB/products/311787756,https://digitalcontent.api.tesco.com/v2/media/ghs/88530473-ccc8-431f-97b6-2fe880279c15/808d2ece-cf87-48fe-bd4f-8423441c4da5_1552533769.jpeg?h=225&w=225,Food Cupboard,Home Baking & Sugar
320388190,Taylor & Colledge Coconut Extract 50ml,£3.80,£0.76/10ml,£3.00 Clubcard Price,(£0.60/10ml),True,Offer valid for delivery from 19/03/2025 until 13/05/2025,False,,,False,https://www.tesco.com/groceries/en-GB/products/320388190,https://digitalcontent.api.tesco.com/v2/media/ghs/3845de38-a5eb-445f-8861-e01b191757a1/c1dfd323-90e2-4e70-8e92-a65ac8311aee_1752176060.jpeg?h=225&w=225,Food Cupboard,Home Baking & Sugar
320551135,Taylor & Colledge Lemon Extract 50ml,£3.80,£0.76/10ml,£3.00 Clubcard Price,(£0.60/10ml),True,Offer valid for delivery from 19/03/2025 until 13/05/2025,False,,,False,https://www.tesco.com/groceries/en-GB/products/320551135,https://digitalcontent.api.tesco.com/v2/media/ghs/2e2412ad-b6de-493f-bb0d-ebcb4906cc5b/9b45514d-a1b9-4b94-9bf8-7f7ce243ba76_1431764249.jpeg?h=225&w=225,Food Cupboard,Home Baking & Sugar
320561399,Taylor & Colledge Almond Extract 50ml,£3.80,£0.76/10ml,£3.00 Clubcard Price,(£0.60/10ml),True,Offer valid for delivery from 19/03/2025 until 13/05/2025,False,,,False,https://www.tesco.com/groceries/en-GB/products/320561399,https://digitalcontent.api.tesco.com/v2/media/ghs/99a8c2da-c049-4cdd-acbc-ea1ddb051056/ba35572e-da24-434b-b03e-6f228c07a46d_1727324863.jpeg?h=225&w=225,Food Cupboard,Home Baking & Sugar
320566808,Taylor & Colledge Orange Extract 50ml,£3.80,£0.76/10ml,£3.00 Clubcard Price,(£0.60/10ml),True,Offer valid for delivery from 19/03/2025 until 13/05/2025,False,,,False,https://www.tesco.com/groceries/en-GB/products/320566808,https://digitalcontent.api.tesco.com/v2/media/ghs/a66aceb3-f5ef-4ed1-bdd4-09fe43c136d0/f004f67f-6c51-48d8-b2e8-a868c69c5661_727340447.jpeg?h=225&w=225,Food Cupboard,Home Baking & Sugar
254890351,Cadbury Bournville Cocoa 250g,£4.45,£1.78/100g,,,False,,False,,3,False,https://www.tesco.com/groceries/en-GB/products/254890351,https://digitalcontent.api.tesco.com/v2/media/ghs/51d6f057-4f68-4f77-b499-bca73453ca9c/41b42558-b248-40d1-b96a-3e4e918672f3_1419698943.jpeg?h=225&w=225,Food Cupboard,Home Baking & Sugar
301392869,Tesco Cornflour 500G,£2.50,£5.00/kg,,,False,,False,3.6,37,False,https://www.tesco.com/groceries/en-GB/products/301392869,https://digitalcontent.api.tesco.com/v2/media/ghs/75bcd9fa-3ee7-4e4b-ad32-5833ebe030a8/d64134d3-5a59-4a65-8b47-4173eab54dd0_792142060.jpeg?h=225&w=225,Food Cupboard,Home Baking & Sugar
317651585,Tesco Finest Belgian Chocolate & Orange Flavoured Brioche Kit 510g,£3.50,£6.86/kg,,,False,,False,,2,False,https://www.tesco.com/groceries/en-GB/products/317651585,https://digitalcontent.api.tesco.com/v2/media/ghs/26e6cbd4-b019-4131-a6e8-0f80336b0733/db8627c4-dd87-47a4-8caa-9b22d99a052f_325678467.jpeg?h=225&w=225,Food Cupboard,Home Baking & Sugar
289546804,Tesco Cocoa Powder 250G,£3.45,£1.38/100g,,,False,,False,,,False,https://www.tesco.com/groceries/en-GB/products/289546804,https://digitalcontent.api.tesco.com/v2/media/ghs/986c0390-7e39-4107-9201-427316de4e24/f4a9320d-5248-4396-a8e0-5db661e70420_964798591.jpeg?h=225&w=225,Food Cupboard,Home Baking & Sugar
317756907,"Ooni Type ""00"" Pizza Flour 1.5kg",£2.75,£1.83/kg,,,False,,False,,,False,https://www.tesco.com/groceries/en-GB/products/317756907,https://digitalcontent.api.tesco.com/v2/media/ghs/f250e70d-d3d3-44fd-97d1-cb85ba54c30a/483d78c1-c18a-4090-b59d-df6a89624330_585625167.jpeg?h=225&w=225,Food Cupboard,Home Baking & Sugar
318089598,Tesco Carmel Drip Icing 120g,£2.85,£2.38/100g,,,False,,False,,1,False,https://www.tesco.com/groceries/en-GB/products/318089598,https://digitalcontent.api.tesco.com/v2/media/ghs/cff51205-7a20-4e94-a571-c925034da18b/a2927ef9-fc96-4e41-90b6-40b4ba44574f_947786643.jpeg?h=225&w=225,Food Cupboard,Home Baking & Sugar
302276044,Dr. Oetker Unicorn & Rainbow Birthday Candles 6 Pack,£2.00,£0.33/each,£1.60 Clubcard Price,(£0.27/each),True,Offer valid for delivery from 03/04/2025 until 22/04/2025,False,,1,False,https://www.tesco.com/groceries/en-GB/products/302276044,https://digitalcontent.api.tesco.com/v2/media/ghs/a48f716a-5ec2-4f85-9605-16a7d5a67f21/1a2366f5-5eed-4f53-934d-564dbb8dd544_1348203547.jpeg?h=225&w=225,Food Cupboard,Home Baking & Sugar
258144405,Mcdougalls Oo Flour 1Kg,£2.40,£2.40/kg,£1.90 Clubcard Price,(£1.90/kg),True,Offer valid for delivery from 02/04/2025 until 22/04/2025,False,,11,False,https://www.tesco.com/groceries/en-GB/products/258144405,https://digitalcontent.api.tesco.com/v2/media/ghs/508f0a59-dfa7-49b1-b24c-82625260ba5a/6588f3e6-5f0f-4642-ae87-ba06791696f0_1127663844.jpeg?h=225&w=225,Food Cupboard,Home Baking & Sugar
302143582,Dr Oetker Star Candles 6 Pack,£2.00,£0.33/each,£1.60 Clubcard Price,(£0.27/each),True,Offer valid for delivery from 03/04/2025 until 22/04/2025,False,,,False,https://www.tesco.com/groceries/en-GB/products/302143582,https://digitalcontent.api.tesco.com/v2/media/ghs/1c2b6bdf-28d6-4d3c-bf25-805796695275/a6a20afb-ea56-4552-964b-e88daa9a3234.jpeg?h=225&w=225,Food Cupboard,Home Baking & Sugar
315839592,Silver Spoon Chocolate Fudge Icing Sugar 200g,£1.80,£9.00/kg,£1.50 Clubcard Price,(£7.50/kg),True,Offer valid for delivery from 16/04/2025 until 13/05/2025,False,2.3,3,False,https://www.tesco.com/groceries/en-GB/products/315839592,https://digitalcontent.api.tesco.com/v2/media/ghs/a6e61029-7819-4543-bfb1-3e48f3cd16c0/05146a3f-9731-41b5-92eb-8dac964e9aa1_1684619138.jpeg?h=225&w=225,Food Cupboard,Home Baking & Sugar
317664201,Hovis Best Of Both Bread Flour 1kg,£1.95,£1.95/kg,£1.30 Save 1/3 Clubcard Price,(£1.30/kg),True,Offer valid for delivery from 02/04/2025 until 22/04/2025,False,4.9,41,False,https://www.tesco.com/groceries/en-GB/products/317664201,https://digitalcontent.api.tesco.com/v2/media/ghs/acd1acd4-e9fd-4f7f-bc77-0c940b0898e4/47084815-b541-4aa8-88d5-81a7cfa36465_392322631.jpeg?h=225&w=225,Food Cupboard,Home Baking & Sugar
304409421,Dr. Oetker Number 8 Candle,£1.35,£1.35/each,£1.05 Clubcard Price,(£1.05/each),True,Offer valid for delivery from 03/04/2025 until 22/04/2025,False,,,False,https://www.tesco.com/groceries/en-GB/products/304409421,https://digitalcontent.api.tesco.com/v2/media/ghs/c65edcc9-4faa-48d6-b77b-70f1f085b4ff/70290531-3f4d-4259-8749-02b4938cbcf1_1527961568.jpeg?h=225&w=225,Food Cupboard,Home Baking & Sugar
304367999,Dr. Oetker Number 7 Candle,£1.35,£1.35/each,£1.05 Clubcard Price,(£1.05/each),True,Offer valid for delivery from 03/04/2025 until 22/04/2025,False,,1,False,https://www.tesco.com/groceries/en-GB/products/304367999,https://digitalcontent.api.tesco.com/v2/media/ghs/a2193145-c3c2-4581-8ee3-ba684ecd3d69/583926d9-81d0-4048-aa9e-66574c737b29_1535231178.jpeg?h=225&w=225,Food Cupboard,Home Baking & Sugar
304371694,Dr. Oetker Number 4 Candle,£1.35,£1.35/each,£1.05 Clubcard Price,(£1.05/each),True,Offer valid for delivery from 03/04/2025 until 22/04/2025,False,,,False,https://www.tesco.com/groceries/en-GB/products/304371694,https://digitalcontent.api.tesco.com/v2/media/ghs/57b94dc8-d1b9-4526-b000-7c9f728b164e/81193626-6dc4-4fff-a247-c0afebcf4c9e_120893210.jpeg?h=225&w=225,Food Cupboard,Home Baking & Sugar
304407819,Dr. Oetker Number 5 Candle,£1.35,£1.35/each,£1.05 Clubcard Price,(£1.05/each),True,Offer valid for delivery from 03/04/2025 until 22/04/2025,False,,,False,https://www.tesco.com/groceries/en-GB/products/304407819,https://digitalcontent.api.tesco.com/v2/media/ghs/c2005973-1c25-4f52-a733-b1da8cd647a0/22454520-67ce-4087-8ba9-a480224ad511_1355997923.jpeg?h=225&w=225,Food Cupboard,Home Baking & Sugar
317758062,Hovis Strong White Bread Flour 1kg,£1.95,£1.95/kg,£1.30 Save 1/3 Clubcard Price,(£1.30/kg),True,Offer valid for delivery from 02/04/2025 until 22/04/2025,False,4.7,44,False,https://www.tesco.com/groceries/en-GB/products/317758062,https://digitalcontent.api.tesco.com/v2/media/ghs/5ccd9873-3c75-442f-8d05-377b2d975fe7/0c3bf5ed-55d5-4659-a41e-f22e0435985b_558853191.jpeg?h=225&w=225,Food Cupboard,Home Baking & Sugar
304384615,Dr. Oetker Number 3 Candle,£1.35,£1.35/each,£1.05 Clubcard Price,(£1.05/each),True,Offer valid for delivery from 03/04/2025 until 22/04/2025,False,,,False,https://www.tesco.com/groceries/en-GB/products/304384615,https://digitalcontent.api.tesco.com/v2/media/ghs/3b557d10-924c-4a11-b812-6f0fb8a9f218/0b3b1d83-0904-4144-a3c6-524791a3f3f2_1201172172.jpeg?h=225&w=225,Food Cupboard,Home Baking & Sugar
304373006,Dr. Oetker Number 0 Candle,£1.35,£1.35/each,£1.05 Clubcard Price,(£1.05/each),True,Offer valid for delivery from 03/04/2025 until 22/04/2025,False,,1,False,https://www.tesco.com/groceries/en-GB/products/304373006,https://digitalcontent.api.tesco.com/v2/media/ghs/f331e9a3-c0b0-42de-b0e4-c242b7df0735/4c50e162-f1e6-4a92-aba9-6611082e2cd4_1410252197.jpeg?h=225&w=225,Food Cupboard,Home Baking & Sugar
304410073,Dr. Oetker Number 9 Candle,£1.35,£1.35/each,£1.05 Clubcard Price,(£1.05/each),True,Offer valid for delivery from 03/04/2025 until 22/04/2025,False,2.3,3,False,https://www.tesco.com/groceries/en-GB/products/304410073,https://digitalcontent.api.tesco.com/v2/media/ghs/376292e9-6712-49c1-9564-88b6bbbb89b1/cf9b8da1-f203-48c3-88fc-58f482227b58_1809347627.jpeg?h=225&w=225,Food Cupboard,Home Baking & Sugar
317417322,Hovis Strong Wholemeal Bread Flour 1kg,£1.95,£1.95/kg,£1.30 Save 1/3 Clubcard Price,(£1.30/kg),True,Offer valid for delivery from 02/04/2025 until 22/04/2025,False,,40,False,https://www.tesco.com/groceries/en-GB/products/317417322,https://digitalcontent.api.tesco.com/v2/media/ghs/a7821d15-227f-4f1e-870a-cfca92202e0c/93c1ab91-c8b9-4175-b19e-5a630efc390c_770287592.jpeg?h=225&w=225,Food Cupboard,Home Baking & Sugar
317663778,Hovis Very Strong White Bread Flour 1kg,£1.95,£1.95/kg,£1.30 Save 1/3 Clubcard Price,(£1.30/kg),True,Offer valid for delivery from 02/04/2025 until 22/04/2025,False,,40,False,https://www.tesco.com/groceries/en-GB/products/317663778,https://digitalcontent.api.tesco.com/v2/media/ghs/d1d24360-5ab5-44be-bac4-b08ab1b2c567/13806014-00eb-4f21-9c97-b7c9ada51359_1394395653.jpeg?h=225&w=225,Food Cupboard,Home Baking & Sugar
314304633,Allinson's Very Strong White Bread Flour 1Kg,£1.60,£1.60/kg,£1.25 Clubcard Price,(£1.25/kg),True,Offer valid for delivery from 02/04/2025 until 22/04/2025,False,4.7,83,False,https://www.tesco.com/groceries/en-GB/products/314304633,https://digitalcontent.api.tesco.com/v2/media/ghs/b6245c8b-d70f-4cfc-86b8-a7088a5dff33/2b5817cf-a004-495a-8d1c-497ec5464e9a_1317585351.jpeg?h=225&w=225,Food Cupboard,Home Baking & Sugar
254917990,Hovis Malted Brown Granary Flour 1Kg,£1.95,£1.95/kg,£1.30 Save 1/3 Clubcard Price,(£1.30/kg),True,Offer valid for delivery from 02/04/2025 until 22/04/2025,False,4.9,55,False,https://www.tesco.com/groceries/en-GB/products/254917990,https://digitalcontent.api.tesco.com/v2/media/ghs/bf8b7b24-29c2-4997-901d-9f5722c9cee8/010818bd-2524-497b-a538-3855541e74f0_1532591580.jpeg?h=225&w=225,Food Cupboard,Home Baking & Sugar
314097519,Allinson's Very Strong Wholemeal Bread Flour 1Kg,£1.60,£1.60/kg,£1.25 Clubcard Price,(£1.25/kg),True,Offer valid for delivery from 02/04/2025 until 22/04/2025,False,4.6,66,False,https://www.tesco.com/groceries/en-GB/products/314097519,https://digitalcontent.api.tesco.com/v2/media/ghs/1efb92df-c33c-43b3-ac52-852bd768a172/ad769564-a742-4e0d-91a2-1cdc3e6abd7b_1960215289.jpeg?h=225&w=225,Food Cupboard,Home Baking & Sugar
313855828,Allinson's Strong White Bread Flour 1Kg,£1.50,£1.50/kg,£1.20 Clubcard Price,(£1.20/kg),True,Offer valid for delivery from 02/04/2025 until 22/04/2025,False,4.6,77,False,https://www.tesco.com/groceries/en-GB/products/313855828,https://digitalcontent.api.tesco.com/v2/media/ghs/d4f3fac8-7b33-4d82-8860-a815dc845d9e/0c62c3ab-cc11-4ebf-899e-db72f601ed87_150338845.jpeg?h=225&w=225,Food Cupboard,Home Baking & Sugar
317641507,Tesco Pink Frosting 300g,£1.50,£0.50/100g,,,False,,False,,,False,https://www.tesco.com/groceries/en-GB/products/317641507,https://digitalcontent.api.tesco.com/v2/media/ghs/88bf77d3-b703-4a96-8a1a-cd0c021b6a1f/5bd8197f-11c0-428f-9860-42021650d835_202675672.jpeg?h=225&w=225,Food Cupboard,Home Baking & Sugar
314096060,Carr's Premium Plain Flour 1Kg,£1.00,£1.00/kg,80p Clubcard Price,(£0.80/kg),True,Offer valid for delivery from 02/04/2025 until 22/04/2025,False,,,False,https://www.tesco.com/groceries/en-GB/products/314096060,https://digitalcontent.api.tesco.com/v2/media/ghs/23eafc28-d290-4e6d-84c0-7a27290b0442/12ba9446-9dee-4dd9-98ba-043ea9e61000_1900291094.jpeg?h=225&w=225,Food Cupboard,Home Baking & Sugar
317986373,Tesco Blue Frosting 300g,,,,,False,,False,,,False,https://www.tesco.com/groceries/en-GB/products/317986373,https://digitalcontent.api.tesco.com/v2/media/ghs/62c6f172-6fb5-4d62-95bd-41e8ae1dc1fe/c310cb5c-8199-47da-a30c-b3d85135dcd9_397589427.jpeg?h=225&w=225,Food Cupboard,Home Baking & Sugar
264883892,Carrs Self Raising Flour 1Kg,£1.00,£1.00/kg,80p Clubcard Price,(£0.80/kg),True,Offer valid for delivery from 02/04/2025 until 22/04/2025,False,3.2,8,False,https://www.tesco.com/groceries/en-GB/products/264883892,https://digitalcontent.api.tesco.com/v2/media/ghs/c42ac557-0cfb-40b1-a06d-1ef1d9d11142/bff517b1-c283-4349-b6ba-0860a0b8be18_1246422340.jpeg?h=225&w=225,Food Cupboard,Home Baking & Sugar
321043268,Canderel Sugarly Zero Calorie Sweetener 1kg,£10.00,£10.00/kg,,,False,,False,,,False,https://www.tesco.com/groceries/en-GB/products/321043268,https://digitalcontent.api.tesco.com/v2/media/ghs/ea48b2f2-09c0-4456-8fa7-ac4b15bf2648/b3c0a238-b97b-4206-907e-d1462d09225f_1329638820.jpeg?h=225&w=225,Food Cupboard,Home Baking & Sugar
316444884,Bakers Secret Essential Springform Tin 24cm,£6.00,£6.00/each,£4.00 Save 1/3 Clubcard Price,(£4.00/each),True,Offer valid for delivery from 17/04/2025 until 28/05/2025,False,,,False,https://www.tesco.com/groceries/en-GB/products/316444884,https://digitalcontent.api.tesco.com/v2/media/ghs/af453490-d886-4510-a622-55881f7d344c/25778757-9145-4298-a541-90ffb0204313_1037052595.jpeg?h=225&w=225,Food Cupboard,Home Baking & Sugar
316418363,Bakers Secret Essential 12 Cup Muffin Tray,£6.50,£6.50/each,£4.30 Save 1/3 Clubcard Price,(£4.30/each),True,Offer valid for delivery from 17/04/2025 until 28/05/2025,False,,,False,https://www.tesco.com/groceries/en-GB/products/316418363,https://digitalcontent.api.tesco.com/v2/media/ghs/61b3140b-8a56-47ad-8f95-f7b6e4680cf7/94008619-9cbf-4387-b043-057820ec8c1d_1330671662.jpeg?h=225&w=225,Food Cupboard,Home Baking & Sugar
316311287,Tesco Bamboo Rolling Pin With Handles,£5.50,£5.50/each,,,False,,False,,,False,https://www.tesco.com/groceries/en-GB/products/316311287,https://digitalcontent.api.tesco.com/v2/media/ghs/2adea27d-d20a-4099-b77d-ae8174c03f7a/1d211803-03a7-4d5b-922f-75d3fd164430_68405425.jpeg?h=225&w=225,Food Cupboard,Home Baking & Sugar
316053056,Natvia Sweetener 350g,£5.50,£15.71/kg,,,False,,False,4.9,8,False,https://www.tesco.com/groceries/en-GB/products/316053056,https://digitalcontent.api.tesco.com/v2/media/ghs/ad1eec34-c245-46a0-b46e-5c411584aea9/3004a8e9-1aff-4e3a-a53a-2cfa7f09561c_1495568746.jpeg?h=225&w=225,Food Cupboard,Home Baking & Sugar
316426007,Pure Via Stevia Sweetener 370g,£5.50,£14.86/kg,,,False,,False,4.4,51,False,https://www.tesco.com/groceries/en-GB/products/316426007,https://digitalcontent.api.tesco.com/v2/media/ghs/552b4493-90c4-4ce7-932f-da60faf78832/bd1c664d-fe93-4615-a8fb-0a55684a1d83_789349883.jpeg?h=225&w=225,Food Cupboard,Home Baking & Sugar
321104934,Pure Via 100% Erythritol 370g,£4.50,£12.16/kg,£3.35 Save 25% Clubcard Price,(£9.05/kg),True,Offer valid for delivery from 16/04/2025 until 13/05/2025,False,,,False,https://www.tesco.com/groceries/en-GB/products/321104934,https://digitalcontent.api.tesco.com/v2/media/ghs/a0f1a3ce-b3ff-465a-b157-a4c570dcbc5f/68a0cb8d-8d7d-4866-85fc-e27becc2bf65_1848505023.jpeg?h=225&w=225,Food Cupboard,Home Baking & Sugar
312897517,Go Cook Acacia Grey Silicone Whisk,£3.00,£3.00/each,,,False,,False,,3,False,https://www.tesco.com/groceries/en-GB/products/312897517,https://digitalcontent.api.tesco.com/v2/media/ghs/8b942b2e-be92-47b7-ae37-a23ed528f696/608eeab8-3595-4e5b-af49-70980a532514_1926685335.jpeg?h=225&w=225,Food Cupboard,Home Baking & Sugar
317977332,Baileys Chocolate Peanuts & Cashews 90g,£3.00,£33.33/kg,,,False,,False,,,False,https://www.tesco.com/groceries/en-GB/products/317977332,https://digitalcontent.api.tesco.com/v2/media/ghs/8aea6223-c56c-4710-abdc-b6877836bd4f/98607fea-a484-4328-807c-e8e25d803e46_21982457.jpeg?h=225&w=225,Food Cupboard,Home Baking & Sugar
312897549,Go Cook Grey Acacia Silicone Pastry Brush,£3.00,£3.00/each,,,False,,False,2.5,2,False,https://www.tesco.com/groceries/en-GB/products/312897549,https://digitalcontent.api.tesco.com/v2/media/ghs/2f24c3aa-4da5-42a2-af20-a855e009309d/f0623d7a-bea8-4e6a-b66d-c94eca9bef42_1893940657.jpeg?h=225&w=225,Food Cupboard,Home Baking & Sugar
315564461,Tesco Stainless Steel Reversible Cookie Cutters,£3.25,£3.25/each,,,False,,False,,,False,https://www.tesco.com/groceries/en-GB/products/315564461,https://digitalcontent.api.tesco.com/v2/media/ghs/d064d2ea-4b71-4591-98b9-ced4efb2cca9/aa47e6c6-6d9f-4010-9b0e-086e420c5bbb_1443605875.jpeg?h=225&w=225,Food Cupboard,Home Baking & Sugar
312897526,Go Cook Acacia Silicone Spatula Grey,£3.00,£3.00/each,,,False,,False,,,False,https://www.tesco.com/groceries/en-GB/products/312897526,https://digitalcontent.api.tesco.com/v2/media/ghs/4fa2142e-7984-476b-884f-ddd7952a05cb/b3560472-7fc2-4915-a5fb-59ae894c08bb_742858478.jpeg?h=225&w=225,Food Cupboard,Home Baking & Sugar
312897532,Go Cook Grey Acacia Silicone Spoonula,£3.00,£3.00/each,,,False,,False,,2,False,https://www.tesco.com/groceries/en-GB/products/312897532,https://digitalcontent.api.tesco.com/v2/media/ghs/5b480169-6f09-4b9f-9bb1-09541228e88b/856b1673-854f-487c-9342-cb7b53ed2607_101011991.jpeg?h=225&w=225,Food Cupboard,Home Baking & Sugar
293283573,Betty Crocker Gluten Free Devils Food Cake 425G,£3.10,£7.29/kg,,,False,,False,,3,False,https://www.tesco.com/groceries/en-GB/products/293283573,https://digitalcontent.api.tesco.com/v2/media/ghs/819d2dae-27b2-4409-910c-9aa3f65f71b2/a7b1a4aa-ea39-4bb1-aaaf-db037b632a09_57383751.jpeg?h=225&w=225,Food Cupboard,Home Baking & Sugar
317990972,Tesco Personalised White Chocolate Cookie Kit 510g,£3.50,£6.86/kg,,,False,,False,,1,False,https://www.tesco.com/groceries/en-GB/products/317990972,https://digitalcontent.api.tesco.com/v2/media/ghs/4024fd69-21ff-466a-a69f-ac600a54cd3d/94d9291f-e3c8-4f3b-904e-f9ebc18f8ce0_647249145.jpeg?h=225&w=225,Food Cupboard,Home Baking & Sugar
317981954,Creative Nature Pancake & Waffle Mix 266g,£3.00,£11.28/kg,£2.50 Clubcard Price,(£9.40/kg),True,Offer valid for delivery from 16/04/2025 until 13/05/2025,False,,,False,https://www.tesco.com/groceries/en-GB/products/317981954,https://digitalcontent.api.tesco.com/v2/media/ghs/0c987cc2-f9ed-4d87-9593-d51783d2e646/3712efcb-a4f1-403a-90c7-b2d1fa018fcd_1628996256.jpeg?h=225&w=225,Food Cupboard,Home Baking & Sugar
293283636,Betty Crocker Gluten Free Chocolate Fudge Brownie Mix415g,£3.10,£0.01/kg,,,False,,False,,,False,https://www.tesco.com/groceries/en-GB/products/293283636,https://digitalcontent.api.tesco.com/v2/media/ghs/25b1a1ad-47a3-4b0b-bef7-8e4fea77225d/cb2c81ea-eb6a-4d2a-a716-9a8e5fd04b45_546396849.jpeg?h=225&w=225,Food Cupboard,Home Baking & Sugar
303667951,Billingtons Dark Brown Sugar 500G,£2.15,£4.30/kg,,,False,,False,,,False,https://www.tesco.com/groceries/en-GB/products/303667951,https://digitalcontent.api.tesco.com/v2/media/ghs/6b37fc9e-4104-4367-91cb-5695e24c4e25/snapshotimagehandler_1675167266.jpeg?h=225&w=225,Food Cupboard,Home Baking & Sugar
316950780,Mr Kipling Signature Vanilla and White chocolate Blondie 368g,£3.00,£8.15/kg,£2.25 Save 25% Clubcard Price,(£6.11/kg),True,Offer valid for delivery from 16/04/2025 until 13/05/2025,False,4.8,39,False,https://www.tesco.com/groceries/en-GB/products/316950780,https://digitalcontent.api.tesco.com/v2/media/ghs/b3ab7109-7068-4dd7-a6d9-196ce55ad3cc/f6247597-e662-49a3-96c9-09ffbbbb6eed_1871245073.jpeg?h=225&w=225,Food Cupboard,Home Baking & Sugar
320675915,Fuel10K High Protein Muffin Mix - Chocolate 150g,£2.95,£19.67/kg,£2.25 Clubcard Price,(£15.00/kg),True,Offer valid for delivery from 16/04/2025 until 13/05/2025,False,4.7,20,False,https://www.tesco.com/groceries/en-GB/products/320675915,https://digitalcontent.api.tesco.com/v2/media/ghs/96db0394-5ab7-4c22-aa5f-c95f79a6be46/d23b3422-13e5-43f3-b726-0d2d0d03d18b_1552246924.jpeg?h=225&w=225,Food Cupboard,Home Baking & Sugar
320547434,"Fuel10K High Protein Pancake, Waffle & Crepe Mix - Original 200g",£2.95,£14.75/kg,£2.25 Clubcard Price,(£11.25/kg),True,Offer valid for delivery from 16/04/2025 until 13/05/2025,False,4.7,21,False,https://www.tesco.com/groceries/en-GB/products/320547434,https://digitalcontent.api.tesco.com/v2/media/ghs/d09bf2e6-8390-475d-bf8e-b43268897ee2/29a887b1-a695-4604-b48c-7e76a86ee927_2082040161.jpeg?h=225&w=225,Food Cupboard,Home Baking & Sugar
316663912,Dr. Oetker Smores Stuffed Cookie Mix 340g,£2.75,£8.09/kg,£2.20 Clubcard Price,(£6.47/kg),True,Offer valid for delivery from 03/04/2025 until 22/04/2025,False,,,False,https://www.tesco.com/groceries/en-GB/products/316663912,https://digitalcontent.api.tesco.com/v2/media/ghs/3a54f72e-3a46-41d3-8004-fc26bd563ce9/f759777a-a7fd-43f4-85c9-ba0a0d745f47_972001409.jpeg?h=225&w=225,Food Cupboard,Home Baking & Sugar
321040162,Whitworths Sunny Raisins 12X14G,£2.40,£14.29/kg,£1.40 Clubcard Price,(£8.33/kg),True,Offer valid for delivery from 16/04/2025 until 13/05/2025,False,,1,False,https://www.tesco.com/groceries/en-GB/products/321040162,https://digitalcontent.api.tesco.com/v2/media/ghs/6002adc8-2d0a-4204-a399-960db9d652c2/33a6c17b-25a2-4c2e-8a06-07c84877870a_1003151732.jpeg?h=225&w=225,Food Cupboard,Home Baking & Sugar
314950633,Dr. Oetker Extra Dark Chocolate 72% 100g,£2.30,£2.30/100g,,,False,,False,4.7,52,False,https://www.tesco.com/groceries/en-GB/products/314950633,https://digitalcontent.api.tesco.com/v2/media/ghs/0db3fa61-5700-448e-9025-6087468ad1cf/9d17d838-454a-44b9-9580-59559e87bccf_1803850202.jpeg?h=225&w=225,Food Cupboard,Home Baking & Sugar
316074060,Tesco Bamboo Rolling Pin,£2.00,£2.00/each,,,False,,False,,,False,https://www.tesco.com/groceries/en-GB/products/316074060,https://digitalcontent.api.tesco.com/v2/media/ghs/5675cb89-0459-42cd-89ca-f04f5fbae995/9f270fd7-0828-44b3-b0ed-f0c359f9ed3c_1403730563.jpeg?h=225&w=225,Food Cupboard,Home Baking & Sugar
314703852,Dr. Oetker Dark Chocolate 54% Cocoa 100G,£2.30,£2.30/100g,,,False,,False,4.7,82,False,https://www.tesco.com/groceries/en-GB/products/314703852,https://digitalcontent.api.tesco.com/v2/media/ghs/ae8e9804-0d0d-47eb-987d-64c8e504ea81/f10fdda2-1387-43fb-a771-02967c297bbb_1321839761.jpeg?h=225&w=225,Food Cupboard,Home Baking & Sugar
320684887,Canderel Granular Sweetener Refill Pack 90g,£2.20,£24.44/kg,,,False,,False,,,False,https://www.tesco.com/groceries/en-GB/products/320684887,https://digitalcontent.api.tesco.com/v2/media/ghs/9e64f468-a177-49cb-9da4-71fc7ec0df0b/788d922d-1b1e-4656-b7bd-b31a8e307871_1546191570.jpeg?h=225&w=225,Food Cupboard,Home Baking & Sugar
321052977,Whitworths Sunny Raisins 6X30G,£2.40,£13.33/kg,£1.40 Clubcard Price,(£7.78/kg),True,Offer valid for delivery from 16/04/2025 until 13/05/2025,False,,,False,https://www.tesco.com/groceries/en-GB/products/321052977,https://digitalcontent.api.tesco.com/v2/media/ghs/84a131f1-e579-4856-a81d-80c3ac37a2d3/931d4a7f-be33-4e87-9d1d-3d005b954a83_1723435795.jpeg?h=225&w=225,Food Cupboard,Home Baking & Sugar
314686911,Dr. Oetker White Chocolate 26% Cocoa 100G,£2.30,£2.30/100g,,,False,,False,4.7,54,False,https://www.tesco.com/groceries/en-GB/products/314686911,https://digitalcontent.api.tesco.com/v2/media/ghs/97422d65-9639-40d3-b7c1-4fe6a3582319/e21b77e1-4979-4bcc-bf75-9b0ae2c645a7_399059922.jpeg?h=225&w=225,Food Cupboard,Home Baking & Sugar
313597851,The Skinny Food Co. Zero Calorie Golden Syrup 425Ml,£2.20,£0.52/100ml,,,False,,False,3.8,13,False,https://www.tesco.com/groceries/en-GB/products/313597851,https://digitalcontent.api.tesco.com/v2/media/ghs/4d3082d6-f797-496d-a482-e5ae8f300848/34bb12aa-bf53-4f78-9964-9ea5de007ce9_288189486.jpeg?h=225&w=225,Food Cupboard,Home Baking & Sugar
315067243,Dr. Oetker Milk Chocolate 35% Cocoa 100G,£2.30,£2.30/100g,,,False,,False,4.6,68,False,https://www.tesco.com/groceries/en-GB/products/315067243,https://digitalcontent.api.tesco.com/v2/media/ghs/e0b5238c-ebb3-449e-ae96-8e2ad28cdfc8/91672e30-77df-48c4-9dcf-d1e86accd7a4_267502686.jpeg?h=225&w=225,Food Cupboard,Home Baking & Sugar
259169098,Tesco Sultanas 1Kg,£3.60,£3.60/kg,,,False,,False,4.8,44,False,https://www.tesco.com/groceries/en-GB/products/259169098,https://digitalcontent.api.tesco.com/v2/media/ghs/eed47522-b020-43d1-b490-096610e4709b/eb51b094-d3a8-4ae9-9fe3-af94766d7bbe_1760879266.jpeg?h=225&w=225,Food Cupboard,Home Baking & Sugar
316069737,Silver Spoon Vanilla Icing Sugar 200g,£1.80,£9.00/kg,£1.50 Clubcard Price,(£7.50/kg),True,Offer valid for delivery from 16/04/2025 until 13/05/2025,False,4.6,19,False,https://www.tesco.com/groceries/en-GB/products/316069737,https://digitalcontent.api.tesco.com/v2/media/ghs/1ab6e3b7-a694-46e5-9edc-c0bce9e1485b/3c9882e8-9cee-4bde-85e8-8ea5a7040633_384378312.jpeg?h=225&w=225,Food Cupboard,Home Baking & Sugar
275038759,Canderel Sucralose 75G,£1.70,£22.67/kg,,,False,,False,,,False,https://www.tesco.com/groceries/en-GB/products/275038759,https://digitalcontent.api.tesco.com/v2/media/ghs/0f3d3901-31ba-4f7c-a31d-c2a9244b42b2/f0473d7f-55dc-46ac-a537-5026c324b564_1220058561.jpeg?h=225&w=225,Food Cupboard,Home Baking & Sugar
315337362,Aunt Bessie's Yorkshire Pudding Mix with Sage & Onion 120g,£1.50,£12.50/kg,£1.20 Clubcard Price,(£10.00/kg),True,Offer valid for delivery from 19/03/2025 until 22/04/2025,False,,,False,https://www.tesco.com/groceries/en-GB/products/315337362,https://digitalcontent.api.tesco.com/v2/media/ghs/9bb6b5fe-2f17-43cb-ac95-3b201e53420d/5f0a6962-60d4-4b6b-b3b7-a689367cb250_1804892518.jpeg?h=225&w=225,Food Cupboard,Home Baking & Sugar
315395159,Aunt Bessie's Dumplings Mix With Cracked Black Pepper 140G,£1.50,£10.71/kg,£1.20 Clubcard Price,(£8.57/kg),True,Offer valid for delivery from 19/03/2025 until 22/04/2025,False,,1,False,https://www.tesco.com/groceries/en-GB/products/315395159,https://digitalcontent.api.tesco.com/v2/media/ghs/7fda093d-f7b2-44ff-9f3c-7d8be39abd87/e834e2a7-01b4-4fd5-b69f-6f82e3d27500_151403088.jpeg?h=225&w=225,Food Cupboard,Home Baking & Sugar
308825405,Britannia Superfine Dark Chocolate Chips 100G,£0.99,£0.99/100g,,,False,,False,,,False,https://www.tesco.com/groceries/en-GB/products/308825405,https://digitalcontent.api.tesco.com/v2/media/ghs/ee0fec73-d1a3-4764-9270-3dad783c74ae/d57f155e-8fd3-469a-a54e-8f87042d1245_871330395.jpeg?h=225&w=225,Food Cupboard,Home Baking & Sugar
308842972,Britannia Superfine Milk Chocolate Chips 100G,£0.99,£0.99/100g,,,False,,False,,,False,https://www.tesco.com/groceries/en-GB/products/308842972,https://digitalcontent.api.tesco.com/v2/media/ghs/1e3b37fb-52e3-4771-b3d3-82a33e2fea2e/bb062db9-8db7-4282-9db8-e0f36197969e_516302388.jpeg?h=225&w=225,Food Cupboard,Home Baking & Sugar
308831985,Britannia Superfine White Chocolate Chips 100G,£0.99,£0.99/100g,,,False,,False,,,False,https://www.tesco.com/groceries/en-GB/products/308831985,https://digitalcontent.api.tesco.com/v2/media/ghs/ef45cdc6-a9f8-443e-a2c1-f05d360d73d5/6694cca4-50bd-4a07-b742-c3c5a92ea1b0_69295386.jpeg?h=225&w=225,Food Cupboard,Home Baking & Sugar
312814856,Go Cook Round Springform Cake Tin 23Cm,£7.00,£7.00/each,,,False,,False,,,False,https://www.tesco.com/groceries/en-GB/products/312814856,https://digitalcontent.api.tesco.com/v2/media/ghs/2a7e273f-bb92-41ba-aaec-289abd88118c/4e331de5-b2be-4f17-8cc2-aba143848719_689159804.jpeg?h=225&w=225,Food Cupboard,Home Baking & Sugar
312814833,Go Cook Marble 12 Cup Muffin Tray,£7.00,£7.00/each,,,False,,False,,,False,https://www.tesco.com/groceries/en-GB/products/312814833,https://digitalcontent.api.tesco.com/v2/media/ghs/a694d7d0-88eb-4eb3-a6e6-1336bce3ed91/3ca64d2e-f2ea-480f-aebf-92502f82c50b_1760798454.jpeg?h=225&w=225,Food Cupboard,Home Baking & Sugar
312814879,Go Cook Marble Round Sandwich Cake Tin 22Cm,£5.00,£5.00/each,,,False,,False,,,False,https://www.tesco.com/groceries/en-GB/products/312814879,https://digitalcontent.api.tesco.com/v2/media/ghs/89e99f55-007c-4f31-b99a-be37caeb171c/36c0b1fb-444b-4d8a-b124-34cdf6c36aaf_513178870.jpeg?h=225&w=225,Food Cupboard,Home Baking & Sugar
312814847,Go Cook Marble Sqaure Cake Tin 20Cm,£5.00,£5.00/each,,,False,,False,,2,False,https://www.tesco.com/groceries/en-GB/products/312814847,https://digitalcontent.api.tesco.com/v2/media/ghs/dea9e22f-aaa1-42bd-a59a-563371a963e5/d57df33f-1e26-4d04-a97c-3807e1c09168_1776341303.jpeg?h=225&w=225,Food Cupboard,Home Baking & Sugar
316054809,Natvia Stevia Synbiotic Sweetener 250g,£6.00,£24.00/kg,,,False,,False,,2,False,https://www.tesco.com/groceries/en-GB/products/316054809,https://digitalcontent.api.tesco.com/v2/media/ghs/9f32beed-fdba-4e5e-89d7-810d9f8a20a5/ae802e5e-fc51-47dd-abab-9b2d5e52e60a_212165199.jpeg?h=225&w=225,Food Cupboard,Home Baking & Sugar
312814862,Go Cook Loose Base Cake Tin 21Cm,£6.00,£6.00/each,,,False,,False,,2,False,https://www.tesco.com/groceries/en-GB/products/312814862,https://digitalcontent.api.tesco.com/v2/media/ghs/56bc5498-d729-4499-a5cc-25a86ceaacb7/29405008-ea37-4560-aa6d-458749715a21_274465143.jpeg?h=225&w=225,Food Cupboard,Home Baking & Sugar
313245462,Bunting Cake Topper,£3.00,£3.00/each,,,False,,False,,,False,https://www.tesco.com/groceries/en-GB/products/313245462,https://digitalcontent.api.tesco.com/v2/media/ghs/259c9286-0846-4bbe-a645-76d5a492086c/8fae3b2c-751e-46b0-a5e4-39ec7bc3965b_335326568.jpeg?h=225&w=225,Food Cupboard,Home Baking & Sugar
313245456,Bunting Cake Topper Gold & Silver,£3.00,£3.00/each,,,False,,False,,,False,https://www.tesco.com/groceries/en-GB/products/313245456,https://digitalcontent.api.tesco.com/v2/media/ghs/f1675203-44fd-4b92-b29f-d711cf41c7db/585c4e3b-1c03-4d26-a382-8382285466a2_1425809840.jpeg?h=225&w=225,Food Cupboard,Home Baking & Sugar
312814827,Go Cook Marble Loaf Tin 23Cm,£4.00,£4.00/each,,,False,,False,,,False,https://www.tesco.com/groceries/en-GB/products/312814827,https://digitalcontent.api.tesco.com/v2/media/ghs/87674a4b-22a7-4c40-928d-802a2fd59253/92c3d32d-1595-4970-82f2-7c4dfa1cfd1e_1609207793.jpeg?h=225&w=225,Food Cupboard,Home Baking & Sugar
316430762,Maple Crest Pancake Syrup 330g,£3.00,£0.91/100g,,,False,,False,,1,False,https://www.tesco.com/groceries/en-GB/products/316430762,https://digitalcontent.api.tesco.com/v2/media/ghs/d0bc40e7-610a-42f0-aea8-b21d872fb8a0/d594dc03-8afe-49b5-8ab2-1cefbc1744ae_1943624837.jpeg?h=225&w=225,Food Cupboard,Home Baking & Sugar
318066683,Tesco Pastel Shimmer Dust 18g,£2.95,£163.89/kg,,,False,,False,,1,False,https://www.tesco.com/groceries/en-GB/products/318066683,https://digitalcontent.api.tesco.com/v2/media/ghs/52e017f8-b09a-4176-b1f3-5e29bbddbb51/dcc42966-1133-4d98-a168-5bf8c6c6b1ac_1635143540.jpeg?h=225&w=225,Food Cupboard,Home Baking & Sugar
321102366,Pure Via Stevia Leaf Sweetener 300 Tablets 25.5g,£3.30,£129.41/kg,,,False,,False,,,False,https://www.tesco.com/groceries/en-GB/products/321102366,https://digitalcontent.api.tesco.com/v2/media/ghs/98e0728b-2d92-4d6e-a149-8bf644e66f97/1647f84f-2c2a-4117-a666-8a772692e4f0_293979709.jpeg?h=225&w=225,Food Cupboard,Home Baking & Sugar
317400451,Mr Kipling Signature Triple Chocolate Cake mix 416g,£3.00,£7.21/kg,£2.25 Save 25% Clubcard Price,(£5.41/kg),True,Offer valid for delivery from 16/04/2025 until 13/05/2025,False,4.8,42,False,https://www.tesco.com/groceries/en-GB/products/317400451,https://digitalcontent.api.tesco.com/v2/media/ghs/191858ce-0260-4b00-9c1c-2eb13754e40d/ec2e5f76-f53d-4050-9186-50b352c31f36_1048265499.jpeg?h=225&w=225,Food Cupboard,Home Baking & Sugar
317413317,Mr Kipling Signature Chocolate Brownie Cake Mix 379g,£3.00,£7.92/kg,£2.25 Save 25% Clubcard Price,(£5.94/kg),True,Offer valid for delivery from 16/04/2025 until 13/05/2025,False,4.8,39,False,https://www.tesco.com/groceries/en-GB/products/317413317,https://digitalcontent.api.tesco.com/v2/media/ghs/d084f4bc-48b8-4cd5-81d4-d891c426734d/9ad9409e-2a0c-48d9-9147-121b9cf139f9_1417897136.jpeg?h=225&w=225,Food Cupboard,Home Baking & Sugar
318066084,Tesco Carrot Cake Kit 590g,£3.50,£5.93/kg,,,False,,False,,,False,https://www.tesco.com/groceries/en-GB/products/318066084,https://digitalcontent.api.tesco.com/v2/media/ghs/f31b40df-8049-408c-beec-68fc9f975737/cd04f894-bc73-48b0-944c-a5c9b467deec_1252022237.jpeg?h=225&w=225,Food Cupboard,Home Baking & Sugar
317864609,Tesco Mini Victoria Sponge Kit 380g,£2.85,£7.50/kg,,,False,,False,,,False,https://www.tesco.com/groceries/en-GB/products/317864609,https://digitalcontent.api.tesco.com/v2/media/ghs/b2c99935-f1f5-4474-8ecc-ac70db469eea/0a2c0c42-dc9e-4bdf-931a-1ecd2a2ce7de_1012190085.jpeg?h=225&w=225,Food Cupboard,Home Baking & Sugar
318173694,Tesco Finest Dark Belgian Chocolate Millionaire's Shortbread Kit 400g,£3.50,£8.75/kg,,,False,,False,,1,False,https://www.tesco.com/groceries/en-GB/products/318173694,https://digitalcontent.api.tesco.com/v2/media/ghs/fa292c87-f3f2-4932-a743-814ce5803000/fee28aca-71a7-441f-af7a-3f4fbd36e509_835724537.jpeg?h=225&w=225,Food Cupboard,Home Baking & Sugar
318169210,Tesco Red Velvet Cupcake Kit 380g,£2.85,£7.50/kg,,,False,,False,,,False,https://www.tesco.com/groceries/en-GB/products/318169210,https://digitalcontent.api.tesco.com/v2/media/ghs/bef9bbc3-f956-4e90-8e67-8737fb18863a/c134e628-6c8e-4485-95e5-30b9e975600c_1646418708.jpeg?h=225&w=225,Food Cupboard,Home Baking & Sugar
314596804,Create A Cake Classic Piping Kit,£3.75,£3.75/each,,,False,,False,,,False,https://www.tesco.com/groceries/en-GB/products/314596804,https://digitalcontent.api.tesco.com/v2/media/ghs/ee466391-87ea-4296-bfe8-4a7854864f5a/33698fd3-8b78-43b8-b672-dcae058a526f_622595298.jpeg?h=225&w=225,Food Cupboard,Home Baking & Sugar
316546907,Creative Nature Free From Carrot Cake Mix 268g,£3.00,£11.19/kg,£2.50 Clubcard Price,(£9.33/kg),True,Offer valid for delivery from 19/03/2025 until 13/05/2025,False,,3,False,https://www.tesco.com/groceries/en-GB/products/316546907,https://digitalcontent.api.tesco.com/v2/media/ghs/4e60c942-7173-47db-a1d5-609d28c7726e/bc410c8d-19fc-43c0-a5e4-5dd112ffab4d_817066674.jpeg?h=225&w=225,Food Cupboard,Home Baking & Sugar
313244751,Cake Topper Unicorn 5 Pack,£2.00,£0.40/each,,,False,,False,,,False,https://www.tesco.com/groceries/en-GB/products/313244751,https://digitalcontent.api.tesco.com/v2/media/ghs/0a392645-cf43-4d7c-848c-667b7b5975c0/4f642f78-91b0-4576-b359-c4b8d0811bb4_237015121.jpeg?h=225&w=225,Food Cupboard,Home Baking & Sugar
316543997,Creative Nature Free From Sticky Toffee Cake Mix 300g,£3.00,£10.00/kg,£2.50 Clubcard Price,(£8.33/kg),True,Offer valid for delivery from 19/03/2025 until 13/05/2025,False,,1,False,https://www.tesco.com/groceries/en-GB/products/316543997,https://digitalcontent.api.tesco.com/v2/media/ghs/29f77bec-0db3-49f5-b6f5-406627f3ccad/3cc2ec80-f27b-4bac-9a8f-26c5969f5692_754392814.jpeg?h=225&w=225,Food Cupboard,Home Baking & Sugar
316642281,Dr. Oetker Old School Cake Mix - Vanilla 436g,£3.00,£6.88/kg,£2.40 Clubcard Price,(£5.50/kg),True,Offer valid for delivery from 03/04/2025 until 22/04/2025,False,,3,False,https://www.tesco.com/groceries/en-GB/products/316642281,https://digitalcontent.api.tesco.com/v2/media/ghs/501cf764-f2b6-4a0e-a665-7087ebc363e9/2c669c2d-b3a9-43cb-896e-2dd05cc2ff03_2118162308.jpeg?h=225&w=225,Food Cupboard,Home Baking & Sugar
315846447,Betty Crocker Bake Smart Sugar Free Chocolate Cake Mix 350g,£3.00,£8.57/kg,£2.40 Clubcard Price,(£6.86/kg),True,Offer valid for delivery from 02/04/2025 until 22/04/2025,False,,4,False,https://www.tesco.com/groceries/en-GB/products/315846447,https://digitalcontent.api.tesco.com/v2/media/ghs/f2e6ea69-c56e-4a8e-8816-6aa3cef16102/41923089-85d8-4927-a722-fe692160a193_1609113730.jpeg?h=225&w=225,Food Cupboard,Home Baking & Sugar
313514478,The Skinny Food Co. Zero Calorie Maple Syrup 425Ml,£2.20,£0.52/100ml,,,False,,False,3.2,37,False,https://www.tesco.com/groceries/en-GB/products/313514478,https://digitalcontent.api.tesco.com/v2/media/ghs/796c0b0b-4451-449d-a532-fcc67a3cd933/3e1dcc23-628f-45cf-a656-bc6abc254cad_1072102001.jpeg?h=225&w=225,Food Cupboard,Home Baking & Sugar
315972677,Betty Crocker Bake Smart Sugar Free Vanilla Cake Mix 350g,£3.00,£8.57/kg,£2.40 Clubcard Price,(£6.86/kg),True,Offer valid for delivery from 02/04/2025 until 22/04/2025,False,,4,False,https://www.tesco.com/groceries/en-GB/products/315972677,https://digitalcontent.api.tesco.com/v2/media/ghs/c7359db9-ae1f-4c9e-b36d-ebcc5fcbf1f2/efba4120-6929-4a5f-a67e-cbb306df4cf3_650390785.jpeg?h=225&w=225,Food Cupboard,Home Baking & Sugar
316806134,Dr. Oetker Old School Cake Mix - Chocolate 436g,£3.00,£6.88/kg,£2.40 Clubcard Price,(£5.50/kg),True,Offer valid for delivery from 03/04/2025 until 22/04/2025,False,,,False,https://www.tesco.com/groceries/en-GB/products/316806134,https://digitalcontent.api.tesco.com/v2/media/ghs/36744b42-0bd0-4fcd-befa-729f043d510a/0b061ef1-7312-4815-a02f-a2082180b72a_1125809403.jpeg?h=225&w=225,Food Cupboard,Home Baking & Sugar
315586688,Cake Angels Bluey Cup Cake Kit 171g,£2.25,£13.16/kg,£1.80 Clubcard Price,(£10.53/kg),True,Offer valid for delivery from 02/04/2025 until 22/04/2025,False,,,False,https://www.tesco.com/groceries/en-GB/products/315586688,https://digitalcontent.api.tesco.com/v2/media/ghs/289a4aab-04b5-4468-a62f-f8ae484a2922/84dc4115-9bb5-482e-9024-59d8e8e96e2b_804148315.jpeg?h=225&w=225,Food Cupboard,Home Baking & Sugar
310132859,Dr Oetker Rainbow Decorating Icing 6 X 19G,£3.00,£2.63/100g,£2.25 Save 25% Clubcard Price,(£1.97/100g),True,Offer valid for delivery from 03/04/2025 until 22/04/2025,False,,,False,https://www.tesco.com/groceries/en-GB/products/310132859,https://digitalcontent.api.tesco.com/v2/media/ghs/bb14e9db-e19b-4146-8c11-501617b837f1/5ecfc1f4-d2d0-4635-9616-10b4d3bfd40f_1526337852.jpeg?h=225&w=225,Food Cupboard,Home Baking & Sugar
314938234,Tesco Unicorn Sprinkles 70G,£1.25,£1.79/100g,,,False,,False,,1,False,https://www.tesco.com/groceries/en-GB/products/314938234,https://digitalcontent.api.tesco.com/v2/media/ghs/96cf6781-f94f-4447-a247-2d135ed498a3/1278292e-3905-4950-b47d-f42e62975d49_1036180978.jpeg?h=225&w=225,Food Cupboard,Home Baking & Sugar
317749349,Dr Oetker Spectacular Science Chocolate Cupcake Mix 330G,£3.00,£9.09/kg,£2.15 Clubcard Price,(£6.52/kg),True,Offer valid for delivery from 03/04/2025 until 22/04/2025,False,,,False,https://www.tesco.com/groceries/en-GB/products/317749349,https://digitalcontent.api.tesco.com/v2/media/ghs/91aa0fc5-66b4-42bf-8f28-a4ffa76cffe3/8c8420de-c7d4-4083-9331-4cfe44b885c8_1118926885.jpeg?h=225&w=225,Food Cupboard,Home Baking & Sugar
313860067,Cake Decor Honeycomb Pieces 100G,£1.75,£1.75/100g,£1.40 Clubcard Price,(£1.40/100g),True,Offer valid for delivery from 02/04/2025 until 22/04/2025,False,,,False,https://www.tesco.com/groceries/en-GB/products/313860067,https://digitalcontent.api.tesco.com/v2/media/ghs/0bba3014-995d-42b3-a0ab-b88ec7e1edae/4405b7da-182b-4468-acfd-8c38acbbb29e_1886687560.jpeg?h=225&w=225,Food Cupboard,Home Baking & Sugar
313753056,Cake Decor Fudge Chunks 100G,£1.75,£1.75/100g,£1.40 Clubcard Price,(£1.40/100g),True,Offer valid for delivery from 02/04/2025 until 22/04/2025,False,,1,False,https://www.tesco.com/groceries/en-GB/products/313753056,https://digitalcontent.api.tesco.com/v2/media/ghs/fd10b553-3523-48ad-a1de-da7c0b495585/623597f4-8532-42b7-96e5-44c846f5ec4f_1768226857.jpeg?h=225&w=225,Food Cupboard,Home Baking & Sugar
315974649,Splenda Zero Calorie Sweetener 100 Sweet Minis 1.5G,£1.50,"£1,000.00/kg",,,False,,False,,,False,https://www.tesco.com/groceries/en-GB/products/315974649,https://digitalcontent.api.tesco.com/v2/media/ghs/9c343f7f-c086-443b-a2d1-d83aa1789195/90a6aeb7-701b-4a6a-8e64-cc049cd92073_738178084.jpeg?h=225&w=225,Food Cupboard,Home Baking & Sugar
314326428,Tesco Madagascan Vanilla Extract 60ml,£1.55,£0.26/10ml,,,False,,False,,2,False,https://www.tesco.com/groceries/en-GB/products/314326428,https://digitalcontent.api.tesco.com/v2/media/ghs/4b97b451-e2c0-4b5d-b003-6df36593a138/00ffd1d0-92a5-40f6-bb24-49ecc6211de1_2136493951.jpeg?h=225&w=225,Food Cupboard,Home Baking & Sugar
316659872,Dr. Oetker Natural Peppermint Extract 35ml,£1.45,£0.41/10ml,£1.15 Clubcard Price,(£0.33/10ml),True,Offer valid for delivery from 03/04/2025 until 22/04/2025,False,,,False,https://www.tesco.com/groceries/en-GB/products/316659872,https://digitalcontent.api.tesco.com/v2/media/ghs/1a6cc186-f8cc-4ef4-83c5-ac3258f24d20/d97188de-2b0d-47c7-b98e-d550ff6a62cf_1801922719.jpeg?h=225&w=225,Food Cupboard,Home Baking & Sugar
314435443,Dr Oetker Natural Zesty Orange Extract 35Ml,£1.45,£0.41/10ml,£1.15 Clubcard Price,(£0.33/10ml),True,Offer valid for delivery from 03/04/2025 until 22/04/2025,False,,,False,https://www.tesco.com/groceries/en-GB/products/314435443,https://digitalcontent.api.tesco.com/v2/media/ghs/9e57ee01-2961-4870-b85e-1aa52edfb5b5/67f1c099-54a6-428c-82e3-b19ae627fdde_1180623238.jpeg?h=225&w=225,Food Cupboard,Home Baking & Sugar
313942161,Ms Molly Vanilla Essence 38ml,£0.59,£0.16/10ml,,,False,,False,,,False,https://www.tesco.com/groceries/en-GB/products/313942161,https://digitalcontent.api.tesco.com/v2/media/ghs/249dfc0e-6cbf-4124-b622-23f78553388f/273dc10f-8af2-485e-a61f-278e539c4251_765485046.jpeg?h=225&w=225,Food Cupboard,Home Baking & Sugar
288794183,Tesco Finest Sage & Red Onion Stuffing 130G,£2.40,£18.46/kg,,,False,,False,4.4,34,False,https://www.tesco.com/groceries/en-GB/products/288794183,https://digitalcontent.api.tesco.com/v2/media/ghs/bdeaf199-cd82-48c2-8b08-aa3992baf083/abe13d49-a721-4694-a20e-6bc4a75aa0b8_1648772977.jpeg?h=225&w=225,Food Cupboard,Finest Food Cupboard
278636951,Tesco Finest Belgian Biscuit Selection 400G,£6.95,£1.74/100g,,,False,,False,3.2,36,False,https://www.tesco.com/groceries/en-GB/products/278636951,https://digitalcontent.api.tesco.com/v2/media/ghs/f86d53d5-dc0f-4023-a328-649e75045521/6dfa84aa-abe9-4044-a380-beb02cfd987a_1950210549.jpeg?h=225&w=225,Food Cupboard,Finest Food Cupboard
251735881,Tesco Finest Strawberry Conserve 340G,£2.55,£0.75/100g,,,False,,False,3.9,46,False,https://www.tesco.com/groceries/en-GB/products/251735881,https://digitalcontent.api.tesco.com/v2/media/ghs/76fbffb0-2f0a-4fa2-a458-5ac660787781/267180b7-18f8-4c10-bc43-7c0c5fcc4c17_71016867.jpeg?h=225&w=225,Food Cupboard,Finest Food Cupboard
300399973,Tesco Finest Super Nutty Granola 500G,£3.00,£0.60/100g,,,False,,False,3.1,63,False,https://www.tesco.com/groceries/en-GB/products/300399973,https://digitalcontent.api.tesco.com/v2/media/ghs/5da1dc40-f855-4885-a5ee-1190e8888291/8674ba4e-afa3-443a-8097-1b3d448237e8_834473710.jpeg?h=225&w=225,Food Cupboard,Finest Food Cupboard
251736275,Tesco Finest Blackcurrant Conserve 340G,£2.55,£0.75/100g,,,False,,False,4.6,72,False,https://www.tesco.com/groceries/en-GB/products/251736275,https://digitalcontent.api.tesco.com/v2/media/ghs/4c9b35f6-1703-49f6-8068-78992b7cd337/54f4eca1-d326-4304-ad04-9fa8ce0a7b5f_884698028.jpeg?h=225&w=225,Food Cupboard,Finest Food Cupboard
257911663,Tesco Finest Scottish Shortbread Assortment 400G,£4.50,£1.12/100g,,,False,,False,4.2,52,False,https://www.tesco.com/groceries/en-GB/products/257911663,https://digitalcontent.api.tesco.com/v2/media/ghs/b5ccc0b6-d1c0-4d8d-a052-90d1d6f62d7b/91293ad8-9e1b-4695-9c9e-e36a35c2185c_1028756560.jpeg?h=225&w=225,Food Cupboard,Finest Food Cupboard
278757151,Tesco Finest Beef Stock 450Ml,£2.60,£0.58/100ml,,,False,,False,4.1,30,False,https://www.tesco.com/groceries/en-GB/products/278757151,https://digitalcontent.api.tesco.com/v2/media/ghs/aa508159-fd6a-43b6-b539-679d635f53d2/b474f968-a270-4303-b6f4-b9ec66175580_676170706.jpeg?h=225&w=225,Food Cupboard,Finest Food Cupboard
278756935,Tesco Finest Chicken Stock 450Ml,£2.60,£0.58/100ml,,,False,,False,3.7,29,False,https://www.tesco.com/groceries/en-GB/products/278756935,https://digitalcontent.api.tesco.com/v2/media/ghs/3334ed1c-bbd7-4d61-9576-a58b8b884e2a/f98f6d06-a264-4cc3-b6c3-21bbcec30809_829629668.jpeg?h=225&w=225,Food Cupboard,Finest Food Cupboard
256089410,Tesco Finest Scottish Shortbread Fingers 165G,£2.45,£1.48/100g,,,False,,False,,63,False,https://www.tesco.com/groceries/en-GB/products/256089410,https://digitalcontent.api.tesco.com/v2/media/ghs/446430db-e421-4082-aed9-96f9a1ebe6c2/31cfe2ec-eec0-4ea1-ada4-03b991817304_1627326513.jpeg?h=225&w=225,Food Cupboard,Finest Food Cupboard
279250092,Tesco Finest Tartare Sauce 175G,£1.85,£1.06/100g,,,False,,False,3.1,41,False,https://www.tesco.com/groceries/en-GB/products/279250092,https://digitalcontent.api.tesco.com/v2/media/ghs/84d5927a-416c-463a-82c1-7fdf9eafea14/3b313c6c-b7aa-41c0-bd6d-eb50ef5a9649_270938891.jpeg?h=225&w=225,Food Cupboard,Finest Food Cupboard
310132934,Tesco Finest Lemon Shortbread Fingers 165G,£2.45,£1.48/100g,,,False,,False,4.5,51,False,https://www.tesco.com/groceries/en-GB/products/310132934,https://digitalcontent.api.tesco.com/v2/media/ghs/690c89f6-1f18-4f9d-ae25-5e9d83398b89/d324ea2b-0541-41be-a1f9-a647c0b78dea_1875901342.jpeg?h=225&w=225,Food Cupboard,Finest Food Cupboard
280517479,Tesco Finest Chicken Gravy 350Ml,£2.40,£0.69/100ml,,,False,,False,4.1,53,False,https://www.tesco.com/groceries/en-GB/products/280517479,https://digitalcontent.api.tesco.com/v2/media/ghs/d2e88b4c-8d46-4147-9504-74892c173a3f/018c7206-7922-4896-a2be-4c1dbc0c93bc_1795484942.jpeg?h=225&w=225,Food Cupboard,Finest Food Cupboard
309488813,Tesco Finest Root Vegetable With Sea Salt Crisps 125G,£2.35,£1.88/100g,,,False,,False,4.5,60,False,https://www.tesco.com/groceries/en-GB/products/309488813,https://digitalcontent.api.tesco.com/v2/media/ghs/3cc7fcc3-a4a9-4abe-85cf-332f86155456/4c91a445-67e6-4bd8-82b9-319f202df925_671191211.jpeg?h=225&w=225,Food Cupboard,Finest Food Cupboard
251736868,Tesco Finest Dark Seville Orange Marmalade 340G,£1.80,£0.53/100g,,,False,,False,4.3,136,False,https://www.tesco.com/groceries/en-GB/products/251736868,https://digitalcontent.api.tesco.com/v2/media/ghs/5792b203-64a6-4c54-8d39-a3fe4fd4a4f7/5b7eb6b7-1ac0-463d-ac19-815f49975aec_1875146739.jpeg?h=225&w=225,Food Cupboard,Finest Food Cupboard
264876970,Tesco Finest Horseradish Sauce 170G,£1.80,£1.06/100g,,,False,,False,4.2,46,False,https://www.tesco.com/groceries/en-GB/products/264876970,https://digitalcontent.api.tesco.com/v2/media/ghs/32283c36-0f87-4f9e-aeb8-9d6e9054ce16/2f1b23a2-bdc6-483a-9b08-61e764e4a3a0_1961921615.jpeg?h=225&w=225,Food Cupboard,Finest Food Cupboard
251736033,Tesco Finest Raspberry Conserve 340G,£2.55,£0.75/100g,,,False,,False,4.1,48,False,https://www.tesco.com/groceries/en-GB/products/251736033,https://digitalcontent.api.tesco.com/v2/media/ghs/43af73f6-15fa-44b3-8c0c-7d62681ef6ff/2d0fab16-1cc2-4a29-b939-c31647db227f_608736868.jpeg?h=225&w=225,Food Cupboard,Finest Food Cupboard
280517456,Tesco Finest Beef Gravy 350Ml,£2.40,£0.69/100ml,,,False,,False,,40,False,https://www.tesco.com/groceries/en-GB/products/280517456,https://digitalcontent.api.tesco.com/v2/media/ghs/ed779d1e-064d-48c1-8ec3-48035e40afa1/3ffd43b4-70ff-497e-a7c9-46741148b1e6_1763807017.jpeg?h=225&w=225,Food Cupboard,Finest Food Cupboard
307141461,Tesco Finest Spiced Apple & Pear Chutney 220G,£1.85,£0.84/100g,,,False,,False,4.7,51,False,https://www.tesco.com/groceries/en-GB/products/307141461,https://digitalcontent.api.tesco.com/v2/media/ghs/7da406d4-bf70-4682-b6dc-aaed9617cd16/44fa45ae-71ff-4e21-8e80-c306b2fb61c6_113696497.jpeg?h=225&w=225,Food Cupboard,Finest Food Cupboard
289013681,Tesco Finest Red Onion Chutney 230G,£1.85,£0.80/100g,,,False,,False,4.1,55,False,https://www.tesco.com/groceries/en-GB/products/289013681,https://digitalcontent.api.tesco.com/v2/media/ghs/0fca257d-c3b3-4917-85a6-4bebfeb26394/2e1db594-35c1-465d-a78a-691556cc94e3.jpeg?h=225&w=225,Food Cupboard,Finest Food Cupboard
305042610,Tesco Finest Sweet Tomato & Birds Eye Chilli Chutney 220G,£1.85,£0.84/100g,,,False,,False,4.4,43,False,https://www.tesco.com/groceries/en-GB/products/305042610,https://digitalcontent.api.tesco.com/v2/media/ghs/cbe3275f-7f4b-4c5a-ad15-a17cc1bd3e23/b1536f7f-0a06-4f83-8ddd-57081755ac05_1832556373.jpeg?h=225&w=225,Food Cupboard,Finest Food Cupboard
266364426,Tesco Finest Zesty Lemon Curd 320G,£2.15,£0.67/100g,,,False,,False,4.3,69,False,https://www.tesco.com/groceries/en-GB/products/266364426,https://digitalcontent.api.tesco.com/v2/media/ghs/fe3812f4-3596-45d7-98e6-740bfed82cd7/2e5beddd-1dda-4070-b001-02943b775faf_1427744666.jpeg?h=225&w=225,Food Cupboard,Finest Food Cupboard
305438160,Tesco Finest Mango Apricot & Coriander Chutney 220G,£1.85,£0.84/100g,,,False,,False,3.8,33,False,https://www.tesco.com/groceries/en-GB/products/305438160,https://digitalcontent.api.tesco.com/v2/media/ghs/8b83c790-937a-4b6b-81be-8d11b9a409e5/8f30b944-2d50-4690-ae1d-be70a3d6f4c9_1627679936.jpeg?h=225&w=225,Food Cupboard,Finest Food Cupboard
257998352,Tesco Finest Cracker Selection for Cheese 250g,£4.20,£1.68/100g,£3.00 Clubcard Price,(£1.20/100g),True,Offer valid for delivery from 26/03/2025 until 20/05/2025,False,4.1,70,False,https://www.tesco.com/groceries/en-GB/products/257998352,https://digitalcontent.api.tesco.com/v2/media/ghs/b31a2013-aa1d-446f-862b-0c3e193bce14/f9b2cc56-782f-4094-a396-557e8483c954_241510335.jpeg?h=225&w=225,Food Cupboard,Finest Food Cupboard
307733544,Tesco Finest British Beef & Red Onion Gravy Granules 200G,£1.90,£0.95/100g,,,False,,False,3.4,51,False,https://www.tesco.com/groceries/en-GB/products/307733544,https://digitalcontent.api.tesco.com/v2/media/ghs/c23b9296-7083-4683-b9c4-12e3be3d8f30/d8c712ad-5462-438a-bf3d-d905f8298f09_1564436484.jpeg?h=225&w=225,Food Cupboard,Finest Food Cupboard
314411598,Tesco Finest Spaghetti Bucatini 500G,£1.75,£3.50/kg,,,False,,False,3.2,13,False,https://www.tesco.com/groceries/en-GB/products/314411598,https://digitalcontent.api.tesco.com/v2/media/ghs/752789c5-d980-4817-9f3a-b7d5fcff73c8/510aeaae-d9c4-4dc3-9e05-0c5ef68cba6b_1084539881.jpeg?h=225&w=225,Food Cupboard,Finest Food Cupboard
306930957,Tesco Finest Cantabrian Anchovy Fillets 50G,£1.65,£5.50/100g DR.WT,,,False,,False,3.9,34,False,https://www.tesco.com/groceries/en-GB/products/306930957,https://digitalcontent.api.tesco.com/v2/media/ghs/a3827c53-0dac-406e-bd76-bc9a883ebab0/e0316ae9-edc4-4ae4-9a8b-014d78801b71_901033393.jpeg?h=225&w=225,Food Cupboard,Finest Food Cupboard
314685137,Tesco Finest Fusilli 500G 500G,£1.75,£3.50/kg,,,False,,False,,1,False,https://www.tesco.com/groceries/en-GB/products/314685137,https://digitalcontent.api.tesco.com/v2/media/ghs/34cdce6f-780e-464b-af70-009aa5bfc00f/db63b074-1b73-4af8-85af-8f935e646b44_333810145.jpeg?h=225&w=225,Food Cupboard,Finest Food Cupboard
252990458,Tesco Finest Sun Dried Tomato Garlic & Basil Sauce 340G,£2.00,£0.59/100g,,,False,,False,3.8,36,False,https://www.tesco.com/groceries/en-GB/products/252990458,https://digitalcontent.api.tesco.com/v2/media/ghs/e0b9b038-6552-48ed-bc85-206ae3d056b3/6e87253c-294a-44df-a925-99edc7586c54_1667709693.jpeg?h=225&w=225,Food Cupboard,Finest Food Cupboard
312207953,Tesco Finest All Butter Cheese Straws 100G,£2.10,£2.10/100g,,,False,,False,2.2,33,False,https://www.tesco.com/groceries/en-GB/products/312207953,https://digitalcontent.api.tesco.com/v2/media/ghs/767213cb-2c04-40a9-a686-1e5d2447638f/821f3989-0368-4611-b474-4eb8007d8b7d_1509182869.jpeg?h=225&w=225,Food Cupboard,Finest Food Cupboard
260245738,Tesco Finest Meringue Nests 8S,£2.00,£0.25/each,,,False,,False,4.1,53,False,https://www.tesco.com/groceries/en-GB/products/260245738,https://digitalcontent.api.tesco.com/v2/media/ghs/119d642d-90dc-4f1b-b2c8-769f18b06ce1/1e3e7cd2-79ce-40dc-b0a4-018e30b6ff95_84186039.jpeg?h=225&w=225,Food Cupboard,Finest Food Cupboard
300238519,Tesco Finest Meringue Shells 12 Pack,£2.00,£0.17/each,,,False,,False,4.6,66,False,https://www.tesco.com/groceries/en-GB/products/300238519,https://digitalcontent.api.tesco.com/v2/media/ghs/a44925a1-e8dd-4888-b435-01284d15d0ee/6b58f615-6e1c-4a21-89a5-d7276dbda220_1899354345.jpeg?h=225&w=225,Food Cupboard,Finest Food Cupboard
314710388,Tesco Finest Linguine 500G,£1.75,£3.50/kg,,,False,,False,,1,False,https://www.tesco.com/groceries/en-GB/products/314710388,https://digitalcontent.api.tesco.com/v2/media/ghs/05a45c11-1509-43a8-a425-eb019032059d/9dff0fac-bfcd-4533-9bbb-c6291753ec97_373896824.jpeg?h=225&w=225,Food Cupboard,Finest Food Cupboard
306928615,Tesco Finest Cantabrian Anchovy Fillets 100G,£2.90,£4.83/100g DR.WT,,,False,,False,4.5,33,False,https://www.tesco.com/groceries/en-GB/products/306928615,https://digitalcontent.api.tesco.com/v2/media/ghs/51d25565-a10b-43fa-b609-e0698c17ca29/41525adc-fda1-43df-840c-1d7af6b853bb_70512376.jpeg?h=225&w=225,Food Cupboard,Finest Food Cupboard
268622118,Tesco Finest Orzo Pasta 500G,£1.75,£3.50/kg,,,False,,False,4.7,24,False,https://www.tesco.com/groceries/en-GB/products/268622118,https://digitalcontent.api.tesco.com/v2/media/ghs/02292875-5548-49d6-a993-199feecdf03f/f3923892-8065-4829-84c3-45244f585468_1494147951.jpeg?h=225&w=225,Food Cupboard,Finest Food Cupboard
313950030,Tesco Finest Gigli 500G 500G,£1.75,£3.50/kg,,,False,,False,,3,False,https://www.tesco.com/groceries/en-GB/products/313950030,https://digitalcontent.api.tesco.com/v2/media/ghs/61629b81-441a-40d5-b8ed-3828106811a1/3422e149-880b-4529-b0f8-1545afbfd216_2139321362.jpeg?h=225&w=225,Food Cupboard,Finest Food Cupboard
312355431,Tesco Finest Gouda & Edam Crispies 90G,£1.80,£2.00/100g,,,False,,False,,52,False,https://www.tesco.com/groceries/en-GB/products/312355431,https://digitalcontent.api.tesco.com/v2/media/ghs/fdd69de5-9f35-4ddb-9041-11341e1dc1c5/3dc89992-048d-47c8-9209-35f48f5e0f71_1981072349.jpeg?h=225&w=225,Food Cupboard,Finest Food Cupboard
314318260,Tesco Finest Conchiglie 500G 500G,£1.75,£3.50/kg,,,False,,False,,2,False,https://www.tesco.com/groceries/en-GB/products/314318260,https://digitalcontent.api.tesco.com/v2/media/ghs/bf135f01-1678-4573-8658-35dc028d138c/f547caec-daa9-4925-bae4-e292132b7e96_960479136.jpeg?h=225&w=225,Food Cupboard,Finest Food Cupboard
314838410,Tesco Finest Penne Rigate 500g,£1.75,£3.50/kg,,,False,,False,,2,False,https://www.tesco.com/groceries/en-GB/products/314838410,https://digitalcontent.api.tesco.com/v2/media/ghs/a40575c4-9589-4f6d-90b5-ede0e4f18880/261f93aa-f88c-4701-ba81-7849db2924c8_1713082929.jpeg?h=225&w=225,Food Cupboard,Finest Food Cupboard
309482036,Tesco Finest Hand Cooked Crisps - Sea Salt & Chardonnay Vinegar 150g,£1.15,£0.77/100g,,,False,,False,2.7,92,False,https://www.tesco.com/groceries/en-GB/products/309482036,https://digitalcontent.api.tesco.com/v2/media/ghs/d64387c3-54f0-4ba9-a9cf-5fa0010b81ec/dc25b67e-8621-422c-b2c5-9caf4ca15546_1531469866.jpeg?h=225&w=225,Food Cupboard,Finest Food Cupboard
255160730,Tesco Finest Mature Cheddar & Onion Crisps 150G,£1.15,£0.77/100g,,,False,,False,3.2,139,False,https://www.tesco.com/groceries/en-GB/products/255160730,https://digitalcontent.api.tesco.com/v2/media/ghs/08cefef9-3f56-426e-98d4-b7df50cc1ea5/db238929-a741-47e3-b56b-df5b1b5acbe1_147672297.jpeg?h=225&w=225,Food Cupboard,Finest Food Cupboard
300594603,Tesco Finest Sardines In Water 105G,£1.15,£1.62/100g DR.WT,,,False,,False,3.9,31,False,https://www.tesco.com/groceries/en-GB/products/300594603,https://digitalcontent.api.tesco.com/v2/media/ghs/a1a55416-cd39-48ef-9ee3-cbca6bf82cbe/fae1d590-e3d3-49bf-b458-1ae3952c77bd_816046361.jpeg?h=225&w=225,Food Cupboard,Finest Food Cupboard
252688220,Tesco Finest Lightly Salted Crisps 150G,£1.15,£0.77/100g,,,False,,False,3.5,95,False,https://www.tesco.com/groceries/en-GB/products/252688220,https://digitalcontent.api.tesco.com/v2/media/ghs/3b0d0ca1-ae16-4989-a255-2e4834d90f4f/59b2db0a-d1c7-4710-b80d-3847fecffa13_838332898.jpeg?h=225&w=225,Food Cupboard,Finest Food Cupboard
293272004,Tesco Finest Hand Cooked Crisps - Sea Salt & Black Pepper 150g,£1.15,£0.77/100g,,,False,,False,3.6,80,False,https://www.tesco.com/groceries/en-GB/products/293272004,https://digitalcontent.api.tesco.com/v2/media/ghs/d5ee54f1-43bd-432d-bb76-309c67112650/ab5a16cd-6876-410b-b0dc-044da91ae842_1383964517.jpeg?h=225&w=225,Food Cupboard,Finest Food Cupboard
297048777,Tesco Finest Lightly Sea Salted Crinkle Cut Crisps 150G,£1.15,£0.77/100g,,,False,,False,3.8,107,False,https://www.tesco.com/groceries/en-GB/products/297048777,https://digitalcontent.api.tesco.com/v2/media/ghs/bcba77bf-43a4-472b-b851-7133aaa508a9/ff4d6d4a-20e2-4cd6-ac2a-88323b314ed4_1809826294.jpeg?h=225&w=225,Food Cupboard,Finest Food Cupboard
301401987,Tesco Finest Crinkle Cut Roast Beef & Horseradish Flavour Hand Cooked Crisps 150g,£1.15,£0.77/100g,,,False,,False,3.7,161,False,https://www.tesco.com/groceries/en-GB/products/301401987,https://digitalcontent.api.tesco.com/v2/media/ghs/ff0cee8b-fd80-4f22-9e3f-e72eb12d37bc/a603c402-cb97-455c-bfa6-d763cf31d5d6_1289619090.jpeg?h=225&w=225,Food Cupboard,Finest Food Cupboard
300161579,Tesco Finest Prawn Marie Rose Crisps 150G,£1.15,£0.77/100g,,,False,,False,,103,False,https://www.tesco.com/groceries/en-GB/products/300161579,https://digitalcontent.api.tesco.com/v2/media/ghs/ee95fbf7-4617-4d86-a473-4735b976ae35/815ac54e-6615-4e2d-9b95-0f159a44b566_1648005998.jpeg?h=225&w=225,Food Cupboard,Finest Food Cupboard
313966680,Tesco Finest Thai Inspired Sweet Chilli Crisps 150G,£1.15,£0.77/100g,,,False,,False,3.6,10,False,https://www.tesco.com/groceries/en-GB/products/313966680,https://digitalcontent.api.tesco.com/v2/media/ghs/f7d90fb2-c852-4a0f-b128-1e1dfd868750/7731709f-0c3c-4969-befe-bfade42b986a_781618410.jpeg?h=225&w=225,Food Cupboard,Finest Food Cupboard
262600897,Tesco Finest Tomato Mascarpone Pasta Sauce 340G,£2.00,£0.59/100g,,,False,,False,,29,False,https://www.tesco.com/groceries/en-GB/products/262600897,https://digitalcontent.api.tesco.com/v2/media/ghs/6da51104-6846-4e43-81c2-b6bff0ec9537/519b5927-3153-4c5c-8ba1-46ccf1c0b917_1565856395.jpeg?h=225&w=225,Food Cupboard,Finest Food Cupboard
264475246,Tesco Finest Balsamic Vinegar Of Modena 250Ml,£7.55,£3.02/100ml,,,False,,False,3.8,9,False,https://www.tesco.com/groceries/en-GB/products/264475246,https://digitalcontent.api.tesco.com/v2/media/ghs/d1bbd650-b545-4eed-83c1-54e5fa36fae3/41bad03c-a37b-47c4-ba58-22912fabe52f_2031590532.jpeg?h=225&w=225,Food Cupboard,Finest Food Cupboard
279683126,Tesco Finest Tellicherry Pepper Corn Grinder 45G,£4.90,£1.09/10g,,,False,,False,3.2,8,False,https://www.tesco.com/groceries/en-GB/products/279683126,https://digitalcontent.api.tesco.com/v2/media/ghs/95885576-a317-4bac-81d9-4726aba3f105/138085e8-d6f7-4942-99d5-2a59d709c2fd_487526423.jpeg?h=225&w=225,Food Cupboard,Finest Food Cupboard
264660996,Tesco Finest Acacia Honey 340G,£4.35,£1.28/100g,,,False,,False,4.5,29,False,https://www.tesco.com/groceries/en-GB/products/264660996,https://digitalcontent.api.tesco.com/v2/media/ghs/1aa5407e-1357-4c4b-b2b7-aaa4c5629b52/e120fd10-e487-471f-a4fc-a99938c53eba_820485156.jpeg?h=225&w=225,Food Cupboard,Finest Food Cupboard
300456324,Tesco Finest Pink Himalayan Salt Mill 95G,£3.00,£31.58/kg,,,False,,False,2.7,24,False,https://www.tesco.com/groceries/en-GB/products/300456324,https://digitalcontent.api.tesco.com/v2/media/ghs/5aea9674-61d1-47c4-8d71-0ffb40a9d642/0fad0607-28af-4fed-9208-6a862f216faa_201972300.jpeg?h=225&w=225,Food Cupboard,Finest Food Cupboard
274132044,Tesco Finest Cold Press Rapeseed Oil 500Ml,£3.95,£0.79/100ml,,,False,,False,4.8,25,False,https://www.tesco.com/groceries/en-GB/products/274132044,https://digitalcontent.api.tesco.com/v2/media/ghs/667a9779-7636-4362-8a88-b6053828cf23/af49bcd3-a392-45b6-9acd-805e820fdd4c_250384850.jpeg?h=225&w=225,Food Cupboard,Finest Food Cupboard
264661285,Tesco Finest Orange Blossom Honey 340G,£4.35,£1.28/100g,,,False,,False,4.4,37,False,https://www.tesco.com/groceries/en-GB/products/264661285,https://digitalcontent.api.tesco.com/v2/media/ghs/13f3db91-444e-4196-8d3e-5404b53e355b/99cebf07-578a-447e-9df1-d38e2dea0542_205959304.jpeg?h=225&w=225,Food Cupboard,Finest Food Cupboard
313523951,Tesco Finest Spanish Forest Honey 340g,£4.35,£1.28/100g,,,False,,False,,1,False,https://www.tesco.com/groceries/en-GB/products/313523951,https://digitalcontent.api.tesco.com/v2/media/ghs/9f444246-acc5-47be-b29f-760b70a4be4e/79be72e4-64be-4275-9c53-6249150666e7_1035446252.jpeg?h=225&w=225,Food Cupboard,Finest Food Cupboard
311251031,Tesco Finest Vindaloo Curry Sauce 340G,£2.50,£0.74/100g,,,False,,False,4.3,24,False,https://www.tesco.com/groceries/en-GB/products/311251031,https://digitalcontent.api.tesco.com/v2/media/ghs/4ae7038c-3078-4017-ac40-bc75625c287a/92872003-f679-4924-8ea9-5d9baca7103b_533147485.jpeg?h=225&w=225,Food Cupboard,Finest Food Cupboard
300826843,Tesco Finest Kalamata Olives 210G,£2.50,£2.00/100g DR.WT,,,False,,False,4.3,20,False,https://www.tesco.com/groceries/en-GB/products/300826843,https://digitalcontent.api.tesco.com/v2/media/ghs/b207edd8-bc02-4048-a804-7002a6cbba98/d7107cdc-9b11-45c9-acf7-f98468355952_1135171031.jpeg?h=225&w=225,Food Cupboard,Finest Food Cupboard
251736217,Tesco Finest Apricot Conserve 340G,£2.55,£0.75/100g,,,False,,False,4.3,66,False,https://www.tesco.com/groceries/en-GB/products/251736217,https://digitalcontent.api.tesco.com/v2/media/ghs/597ecdcb-78c5-4c36-a9f6-6d78c752974a/4c907720-433d-45a0-b7a7-eb04986bd499_1404207925.jpeg?h=225&w=225,Food Cupboard,Finest Food Cupboard
254409042,Tesco Finest English Set Honey 340G,£4.95,£1.46/100g,,,False,,False,4.6,33,False,https://www.tesco.com/groceries/en-GB/products/254409042,https://digitalcontent.api.tesco.com/v2/media/ghs/d3bc6db5-3979-4e2a-8ced-0d83d3cf8455/d6c83906-6e84-4cca-8504-1c749631eca8_651661093.jpeg?h=225&w=225,Food Cupboard,Finest Food Cupboard
311273713,Tesco Finest Karahi Curry Sauce 340G,£2.50,£0.74/100g,,,False,,False,2.9,29,False,https://www.tesco.com/groceries/en-GB/products/311273713,https://digitalcontent.api.tesco.com/v2/media/ghs/2e8feba5-3a46-41e1-b9c0-aa60840341ac/7a9706e6-baf0-4844-8ad0-35a5788fc7ea_668160219.jpeg?h=225&w=225,Food Cupboard,Finest Food Cupboard
300832720,Tesco Finest Pitted Halkidiki Olives 210G,£2.50,£2.63/100g DR.WT,,,False,,False,4.6,22,False,https://www.tesco.com/groceries/en-GB/products/300832720,https://digitalcontent.api.tesco.com/v2/media/ghs/2231f3a4-ad68-44e1-892a-476a1be42386/6fe5b0d1-eb1a-4765-a86c-5781f79f0754_1547473357.jpeg?h=225&w=225,Food Cupboard,Finest Food Cupboard
311214116,Tesco Finest Makhani Curry Sauce 340G,£2.50,£0.74/100g,,,False,,False,3.1,37,False,https://www.tesco.com/groceries/en-GB/products/311214116,https://digitalcontent.api.tesco.com/v2/media/ghs/f8ff37a2-cee1-429b-96dc-4d4e51b4a80f/79e7f46b-728d-4b30-b4e2-6f352b81bab9_1660347161.jpeg?h=225&w=225,Food Cupboard,Finest Food Cupboard
293437818,Tesco Finest Belgian Chocolate Selection 200G,£6.10,£3.05/100g,,,False,,False,3.2,21,False,https://www.tesco.com/groceries/en-GB/products/293437818,https://digitalcontent.api.tesco.com/v2/media/ghs/4ffc50ea-af92-437e-9451-eb4265f51775/20b11a7b-ec16-4e4a-8276-d4b084a66af5_1101489549.jpeg?h=225&w=225,Food Cupboard,Finest Food Cupboard
308475801,Tesco Finest Chocolate & Berry Granola 500G,£3.00,£0.60/100g,,,False,,False,4.3,34,False,https://www.tesco.com/groceries/en-GB/products/308475801,https://digitalcontent.api.tesco.com/v2/media/ghs/9f2f3cca-a481-4bd1-8b46-e10e555ba376/e3f4c3d0-c080-4f24-b125-a82763bc9c49_525456308.jpeg?h=225&w=225,Food Cupboard,Finest Food Cupboard
307761654,Tesco Finest Berry & Cherry Museli 500G,£3.00,£0.60/100g,,,False,,False,4.1,15,False,https://www.tesco.com/groceries/en-GB/products/307761654,https://digitalcontent.api.tesco.com/v2/media/ghs/92ee4507-df67-4356-8e64-7bfa88d8c65f/c9fa96fb-b212-4d99-8aa2-4d95c466c95d_1183366326.jpeg?h=225&w=225,Food Cupboard,Finest Food Cupboard
300455544,Tesco Finest Fruit Nut & Seed Muesli 500G,£3.00,£0.60/100g,,,False,,False,3.8,19,False,https://www.tesco.com/groceries/en-GB/products/300455544,https://digitalcontent.api.tesco.com/v2/media/ghs/e32b4726-d8f6-4da6-864d-41cc882f8d26/9f1f35a4-5ca1-4847-ba3d-f521bfad2ba7_2077151242.jpeg?h=225&w=225,Food Cupboard,Finest Food Cupboard
300832743,Tesco Finest Nocellara Olives 200G,£2.50,£2.08/100g,,,False,,False,1.9,22,False,https://www.tesco.com/groceries/en-GB/products/300832743,https://digitalcontent.api.tesco.com/v2/media/ghs/7bf7ea3c-17d7-44c8-beac-77c02d756085/c8d4faf0-f18a-4bf6-bf1e-13479f6cc31f_1732673050.jpeg?h=225&w=225,Food Cupboard,Finest Food Cupboard
282622351,Tesco Finest Free From Oat & Raisin Cookies 150G,£2.70,£1.80/100g,,,False,,False,3.8,17,False,https://www.tesco.com/groceries/en-GB/products/282622351,https://digitalcontent.api.tesco.com/v2/media/ghs/a2ff1bfd-2f35-4937-999a-2fcfb4290cdd/847bacb8-9575-4151-84fc-837a267e8cec_1585418052.jpeg?h=225&w=225,Food Cupboard,Finest Food Cupboard
273235765,Tesco Finest Bearnaise Sauce 165G,£1.80,£1.09/100g,,,False,,False,3.8,30,False,https://www.tesco.com/groceries/en-GB/products/273235765,https://digitalcontent.api.tesco.com/v2/media/ghs/39188654-baba-48a1-994e-6678a918c3ba/21eb1f30-93ba-48c0-b4af-9751ff7a153e_1328032235.jpeg?h=225&w=225,Food Cupboard,Finest Food Cupboard
260194020,Tesco Finest Scottish Porridge Oats 750g,£2.10,£0.28/100g,,,False,,False,3.3,35,False,https://www.tesco.com/groceries/en-GB/products/260194020,https://digitalcontent.api.tesco.com/v2/media/ghs/e3949855-9fd3-49b1-8180-4b0791931bbe/3720c0eb-2338-447b-8e22-359128f9dafe_778520400.jpeg?h=225&w=225,Food Cupboard,Finest Food Cupboard
251736822,Tesco Finest Bitter Orange Marmalade 340G,£1.80,£0.53/100g,,,False,,False,4.4,87,False,https://www.tesco.com/groceries/en-GB/products/251736822,https://digitalcontent.api.tesco.com/v2/media/ghs/11cbfbf6-591f-488a-9af1-04e078be7b41/d2170bbb-3ffc-469e-90df-9a208d8d92b6_2064741728.jpeg?h=225&w=225,Food Cupboard,Finest Food Cupboard
306937443,Tesco Finest Belgian Chocolate Ganache 400G,£3.40,£0.85/100g,,,False,,False,,9,False,https://www.tesco.com/groceries/en-GB/products/306937443,https://digitalcontent.api.tesco.com/v2/media/ghs/191de1fe-c464-445e-b72e-affd6df5cc35/7d305c82-719d-4833-be05-6fb3f820b0d7_757011874.jpeg?h=225&w=225,Food Cupboard,Finest Food Cupboard
306955277,Tesco Finest Sicilian Lemon Frosting 400G,£2.30,£0.58/100g,,,False,,False,4.1,12,False,https://www.tesco.com/groceries/en-GB/products/306955277,https://digitalcontent.api.tesco.com/v2/media/ghs/13c9cb68-8bfe-4427-b8ac-dd3994591def/b7ee7f03-b7a8-4223-98aa-a7e37a92050b_1770159642.jpeg?h=225&w=225,Food Cupboard,Finest Food Cupboard
300535496,Tesco Finest Mackerel With Black Pepper 110G,£2.30,£2.09/100g,,,False,,False,4.5,24,False,https://www.tesco.com/groceries/en-GB/products/300535496,https://digitalcontent.api.tesco.com/v2/media/ghs/b3544528-f894-4d95-818a-0e4c24011e6f/fce73e73-b64a-4390-a322-f17687c53119_1915650393.jpeg?h=225&w=225,Food Cupboard,Finest Food Cupboard
300535450,Tesco Finest Hot Smoked Mackerel Fillets 110G,£2.30,£3.29/100g DR.WT,,,False,,False,4.2,19,False,https://www.tesco.com/groceries/en-GB/products/300535450,https://digitalcontent.api.tesco.com/v2/media/ghs/b24b20b6-6044-4856-ae15-05f95ae3b6c5/c9afae56-0aa2-437f-b41f-91948b02b211_1240466762.jpeg?h=225&w=225,Food Cupboard,Finest Food Cupboard
309471124,Tesco Finest Madagascan Vanilla Frosting 400G,,,,,False,,False,3.3,6,False,https://www.tesco.com/groceries/en-GB/products/309471124,https://digitalcontent.api.tesco.com/v2/media/ghs/80b5acc9-2f72-456e-8d2c-35864c48a8c2/2b2813d7-c850-448f-8e50-4a3090d951c9_1192718806.jpeg?h=225&w=225,Food Cupboard,Finest Food Cupboard
278418034,Tesco Finest Free From White Chocolate & Cranberry Cookies 150g,£2.70,£1.80/100g,,,False,,False,4.7,36,False,https://www.tesco.com/groceries/en-GB/products/278418034,https://digitalcontent.api.tesco.com/v2/media/ghs/c71b818e-910b-4835-bc6e-e09d92f6f46b/26958bc6-5758-435f-867b-0dd06489ffcb_984841200.jpeg?h=225&w=225,Food Cupboard,Finest Food Cupboard
306953354,Tesco Finest Chocolate & Brazilian Orange Frosting 400G,£2.30,£0.58/100g,,,False,,False,3.1,8,False,https://www.tesco.com/groceries/en-GB/products/306953354,https://digitalcontent.api.tesco.com/v2/media/ghs/92bd07da-029e-4837-a6f7-b94dc8b7a08c/33b0cfcb-42fa-49ec-abbe-1c6cad8bedc3_1810891555.jpeg?h=225&w=225,Food Cupboard,Finest Food Cupboard
300708154,Tesco Finest French Dressing 225Ml,£2.25,£1.00/100ml,,,False,,False,4.4,35,False,https://www.tesco.com/groceries/en-GB/products/300708154,https://digitalcontent.api.tesco.com/v2/media/ghs/9b306e44-b09a-4288-9a3f-aeb1e24b940f/8e05afd1-d957-4016-9925-f895921a9e09_2130263392.jpeg?h=225&w=225,Food Cupboard,Finest Food Cupboard
300112609,Tesco Finest Chocolate Orange Cookies 200G,£2.60,£1.30/100g,,,False,,False,4.8,37,False,https://www.tesco.com/groceries/en-GB/products/300112609,https://digitalcontent.api.tesco.com/v2/media/ghs/ce8c3a9f-acb0-43f0-ac50-06c62210e08c/3109b880-929b-42f4-b9c3-6b2f43524119_597029249.jpeg?h=225&w=225,Food Cupboard,Finest Food Cupboard
310179458,Tesco Finest Parmesan & Garlic Twists 100G,£2.10,£2.10/100g,,,False,,False,4.6,64,False,https://www.tesco.com/groceries/en-GB/products/310179458,https://digitalcontent.api.tesco.com/v2/media/ghs/8e1686d9-26bf-4772-8e75-9d7c4ef264e2/8633d966-42db-41b4-8e19-e6973c2cfe18_1605111609.jpeg?h=225&w=225,Food Cupboard,Finest Food Cupboard
266578951,Tesco Finest Sundried Tomato Pesto Rosso 190G,£2.20,£1.16/100g,,,False,,False,4.2,24,False,https://www.tesco.com/groceries/en-GB/products/266578951,https://digitalcontent.api.tesco.com/v2/media/ghs/ef4b94ac-80d6-4be9-80f0-9bc8a58fc9f3/ebcb7fb5-3824-4c74-85de-62b4622797b2_1263752296.jpeg?h=225&w=225,Food Cupboard,Finest Food Cupboard
296152194,Tesco Finest Sicilian Extra Virgin Olive Oil 500Ml,£8.95,£1.79/100ml,,,False,,False,4.6,30,False,https://www.tesco.com/groceries/en-GB/products/296152194,https://digitalcontent.api.tesco.com/v2/media/ghs/ba191f19-ffad-41c1-a61c-58c35843de31/479d6c94-eeea-4f5d-8c13-eff5b1099e74_109067837.jpeg?h=225&w=225,Food Cupboard,Finest Food Cupboard
307758970,Tesco Finest British Chicken Gravy Granules - Sage & Red Onion 200g,£1.90,£0.95/100g,,,False,,False,3.8,42,False,https://www.tesco.com/groceries/en-GB/products/307758970,https://digitalcontent.api.tesco.com/v2/media/ghs/b19bc9e2-44a5-4ca1-9d2c-07ad624d3933/f8f6c048-65e3-4078-9b6e-a2c8395fdbf4_1585894810.jpeg?h=225&w=225,Food Cupboard,Finest Food Cupboard
266578922,Tesco Finest Basil Pesto 190G,£2.20,£1.16/100g,,,False,,False,,23,False,https://www.tesco.com/groceries/en-GB/products/266578922,https://digitalcontent.api.tesco.com/v2/media/ghs/1dd84fe3-a6f0-4e65-9526-e54cf4eb26ce/c0186517-b2e2-4536-a121-db1f5d006693_1440280294.jpeg?h=225&w=225,Food Cupboard,Finest Food Cupboard
255418640,Tesco Finest Quadruple Chocolate Cookies 200G,£2.60,£1.30/100g,,,False,,False,4.7,38,False,https://www.tesco.com/groceries/en-GB/products/255418640,https://digitalcontent.api.tesco.com/v2/media/ghs/a2a365f0-8649-47e3-a2c3-f6fb7d5913e0/8d97a941-7757-4647-8a7b-4c77a338f98b_546729951.jpeg?h=225&w=225,Food Cupboard,Finest Food Cupboard
300809609,Tesco Finest Chilli Relish 295G,£1.70,£0.58/100g,,,False,,False,2.7,33,False,https://www.tesco.com/groceries/en-GB/products/300809609,https://digitalcontent.api.tesco.com/v2/media/ghs/f42e2cf7-1cc4-4cbe-95fd-84a62c71cc70/83c1299a-80cd-42c2-82c9-79fc36e3d541_1785931334.jpeg?h=225&w=225,Food Cupboard,Finest Food Cupboard
308114969,Tesco Finest Orecchiette 500G,£1.75,£3.50/kg,,,False,,False,4.4,16,False,https://www.tesco.com/groceries/en-GB/products/308114969,https://digitalcontent.api.tesco.com/v2/media/ghs/841de744-2cd2-4992-a1dc-cd58f994fe4b/edde13b4-2cd9-4a46-b720-0df907c7d125_1311537997.jpeg?h=225&w=225,Food Cupboard,Finest Food Cupboard
308864652,Tesco Finest Casarecce 500G,£1.75,£3.50/kg,,,False,,False,,40,False,https://www.tesco.com/groceries/en-GB/products/308864652,https://digitalcontent.api.tesco.com/v2/media/ghs/992d5434-ccf9-4a98-b0e1-092657d8409f/d813d190-6180-4141-ac2f-a9c87847ac0d_387280906.jpeg?h=225&w=225,Food Cupboard,Finest Food Cupboard
278434838,Tesco Finest Free From Triple Chocolate Cookies 150G,,,,,False,,False,4.8,32,False,https://www.tesco.com/groceries/en-GB/products/278434838,https://digitalcontent.api.tesco.com/v2/media/ghs/1a1df02d-2bc4-46f1-933a-ab23483050fa/6ab1062f-fc45-4f3a-8e52-883f4076e705_2088163488.jpeg?h=225&w=225,Food Cupboard,Finest Food Cupboard
278437236,Tesco Finest Free From Dark Chocolate Ginger Cookies 150G,£2.70,£1.80/100g,,,False,,False,4.7,38,False,https://www.tesco.com/groceries/en-GB/products/278437236,https://digitalcontent.api.tesco.com/v2/media/ghs/1112c647-9650-47ca-bac9-12af5367f8b4/48ebdfa5-391a-4eec-8245-7110f35346e7.jpeg?h=225&w=225,Food Cupboard,Finest Food Cupboard
260504542,Tesco Finest Tomato & Chilli Pasta Sauce 340G,£2.00,£0.59/100g,,,False,,False,4.1,28,False,https://www.tesco.com/groceries/en-GB/products/260504542,https://digitalcontent.api.tesco.com/v2/media/ghs/c2d6f9ca-7210-482d-a11c-e84d9b2f5316/48bd194a-d319-4407-b4b2-0ac2138005c4_1913338457.jpeg?h=225&w=225,Food Cupboard,Finest Food Cupboard
311216189,Tesco Finest Cornish Sardines In Tomato Sauce 100G,£1.15,£1.15/100g,,,False,,False,3.4,26,False,https://www.tesco.com/groceries/en-GB/products/311216189,https://digitalcontent.api.tesco.com/v2/media/ghs/feb6ef94-f32f-46ab-96e4-01e03419927a/dda7cd03-3aab-42cd-a918-044df581596a_920802574.jpeg?h=225&w=225,Food Cupboard,Finest Food Cupboard
300601199,"Tesco Finest Sardines With Chilli, Lime & Coriander 105G",£1.15,£1.10/100g,,,False,,False,4.1,44,False,https://www.tesco.com/groceries/en-GB/products/300601199,https://digitalcontent.api.tesco.com/v2/media/ghs/6a16c4c5-5974-4bd5-a926-36f88516b967/ff0f8f3e-a624-4734-8fda-5a8489bf8a72_1786109708.jpeg?h=225&w=225,Food Cupboard,Finest Food Cupboard
300601251,Tesco Finest Carbonara Pasta Sauce 340G,£2.00,£0.59/100g,,,False,,False,,35,False,https://www.tesco.com/groceries/en-GB/products/300601251,https://digitalcontent.api.tesco.com/v2/media/ghs/a5fed1f0-0060-4833-9e99-59add757c149/13005b02-86dd-40c8-8af0-9faa87e4598a_2091336231.jpeg?h=225&w=225,Food Cupboard,Finest Food Cupboard
278557727,Tesco Finest Salted Caramel Truffles 140G,£5.00,£3.57/100g,,,False,,False,4.1,7,False,https://www.tesco.com/groceries/en-GB/products/278557727,https://digitalcontent.api.tesco.com/v2/media/ghs/9f9cf36b-6cd6-4a6d-a99f-1f637f16b87d/eb5eeeea-e531-4578-b8d7-a4284bdc5b2f_731591497.jpeg?h=225&w=225,Food Cupboard,Finest Food Cupboard
312343474,Tesco Finest Caesar Dressing 225Ml,£2.25,£1.00/100ml,,,False,,False,,4,False,https://www.tesco.com/groceries/en-GB/products/312343474,https://digitalcontent.api.tesco.com/v2/media/ghs/00affeaa-b17e-4e53-8502-108da4899c7b/434504d6-3254-4604-9e12-fee421840fb9_500553088.jpeg?h=225&w=225,Food Cupboard,Finest Food Cupboard
312996207,Tesco Finest Three Cheese Concentrated Sauce 260G,£2.00,£0.77/100g,,,False,,False,3.2,27,False,https://www.tesco.com/groceries/en-GB/products/312996207,https://digitalcontent.api.tesco.com/v2/media/ghs/560bc084-8bdd-4290-8310-653d15c495ba/47f337c5-cb25-47a9-b582-6eae27407215_836154761.jpeg?h=225&w=225,Food Cupboard,Finest Food Cupboard
270916621,Tesco Finest Dark Chocolate Ginger Cookies 200G,£2.60,£1.30/100g,,,False,,False,3.8,53,False,https://www.tesco.com/groceries/en-GB/products/270916621,https://digitalcontent.api.tesco.com/v2/media/ghs/9a407aa5-8172-4cc0-adfc-c241f5403e4c/c5a30ca1-0acf-4f24-b36a-83d38381251e_1214346726.jpeg?h=225&w=225,Food Cupboard,Finest Food Cupboard
312992661,Tesco Finest Tomato & Calabrian Chilli Concentrated Sauce 265G,£2.00,£0.76/100g,,,False,,False,4.7,12,False,https://www.tesco.com/groceries/en-GB/products/312992661,https://digitalcontent.api.tesco.com/v2/media/ghs/78d0c415-f6bf-48b3-a38b-939bec5ab0c7/79744e27-64dd-4cdf-aa57-b85b3f7a0e4a_408784902.jpeg?h=225&w=225,Food Cupboard,Finest Food Cupboard
313008663,Tesco Finest Sun Dried Tomato & Red Wine Concentrated Sauce 265G,£2.00,£0.76/100g,,,False,,False,,2,False,https://www.tesco.com/groceries/en-GB/products/313008663,https://digitalcontent.api.tesco.com/v2/media/ghs/0272cca2-9a2c-46f3-bbea-fc37901f14f0/d74cba8e-90d2-4776-a3e4-7b9fb52781dc_1168391716.jpeg?h=225&w=225,Food Cupboard,Finest Food Cupboard
313167082,Tesco Finest Sun Dried Tomato & Roasted Garlic Concentrated Sauce 265G,£2.00,£0.76/100g,,,False,,False,3.1,7,False,https://www.tesco.com/groceries/en-GB/products/313167082,https://digitalcontent.api.tesco.com/v2/media/ghs/bb5e9903-ebcf-4eab-a938-f29015a1b8a7/946d41c1-7a12-4c5a-af16-b3aabef22cf6_1063308725.jpeg?h=225&w=225,Food Cupboard,Finest Food Cupboard
314688650,Tesco Finest Rigatoni 500G 500G,£1.75,£3.50/kg,,,False,,False,4.7,6,False,https://www.tesco.com/groceries/en-GB/products/314688650,https://digitalcontent.api.tesco.com/v2/media/ghs/0c8c1a75-4183-4237-bc34-a2c0de0375a6/ed0699df-1989-4381-b01c-c9ad605c315c_276548955.jpeg?h=225&w=225,Food Cupboard,Finest Food Cupboard
312996236,"Tesco Finest Tomato, Aubergine & Ricotta Pasta Sauce 340G",£2.00,£0.59/100g,,,False,,False,3.4,5,False,https://www.tesco.com/groceries/en-GB/products/312996236,https://digitalcontent.api.tesco.com/v2/media/ghs/414985a9-7242-422b-9a2a-7a64adb84716/6396f45b-97e0-432f-8426-0e27a6c4897a_69349160.jpeg?h=225&w=225,Food Cupboard,Finest Food Cupboard
309495292,Tesco Finest Sea Salt & Chardonnay Vinegar Crinkle Cut Crisps 150G,£1.15,£0.77/100g,,,False,,False,2.7,110,False,https://www.tesco.com/groceries/en-GB/products/309495292,https://digitalcontent.api.tesco.com/v2/media/ghs/3e9a9679-4df2-4910-a84e-8bca9717d448/365d05d9-ba38-4d58-a0c1-4f09ad123741_477530888.jpeg?h=225&w=225,Food Cupboard,Finest Food Cupboard
